2792 5150
598 510 642 578 55

102 715 291 802 formulis,
330 741 419 813 quae
458 717 495 788 in
535 716 824 816 pbilosophorum
852 718 977 792 scholis
1001 727 1062 792 aut
1086 720 1123 793 in

103 864 297 956 poetarum
332 857 545 931 carminibus
582 858 831 946 inveniuntur,
870 859 958 932 nihil
991 863 1122 947 obstat,

103 1000 303 1096 quominus
329 999 498 1073 affirmare
524 1001 701 1099 possimus
726 1001 898 1075 Lactantii
912 1000 1125 1075 lucubratio·

104 1166 174 1214 nes
192 1167 266 1215 sese
284 1142 527 1215 commendare
541 1141 729 1215 verborum
743 1168 853 1241 aeque
866 1168 905 1215 ac
918 1168 1036 1233 rerum
1049 1169 1125 1241 per-

103 1283 308 1381 spicuitate.
360 1284 465 1376 Quod
494 1285 586 1357 valet
615 1309 685 1357 nou
719 1285 824 1358 modo
849 1285 982 1358 ratione
1006 1284 1125 1357 habita

103 1425 383 1499 Institutionum
413 1426 513 1514 Div.,
546 1427 608 1500 sed
637 1436 672 1500 et
701 1426 850 1524 egregrii
881 1426 964 1500 libri
994 1427 1038 1499 de
1068 1427 1125 1499 Ira

103 1564 191 1638 Dei.
245 1566 370 1658 Quoad
409 1568 599 1666 Opificium
641 1568 709 1641 Dei
742 1577 859 1642 tamen
893 1577 1014 1642 auctor
1050 1568 1124 1666 ipse

104 1710 292 1789 confessus
331 1718 398 1798 est,
425 1737 499 1785 sese
524 1712 707 1785 obscurius
731 1712 830 1810 loqui
854 1736 962 1810 quam
987 1712 1125 1799 decuit,

102 1852 221 1950 idque
247 1878 311 1951 pro
337 1878 456 1926 rerum
482 1879 521 1925 ac
547 1854 714 1953 temporis
740 1854 953 1928 necessitate.
1001 1854 1125 1952 Neque

103 1994 214 2068 aliter
253 1995 297 2068 de
331 1996 405 2093 ejus
438 1996 600 2094 Epitome
630 1996 862 2094 judicandum
891 2006 961 2083 est,
992 1997 1127 2085 ratione

104 2137 234 2210 habita
258 2138 408 2225 consilii,
436 2163 506 2236 quo
531 2139 725 2237 conscripta
750 2147 813 2212 est.

158 2280 265 2371 ¹Quae
290 2280 434 2378 quidem
458 2281 687 2380 perspicuitas
714 2281 810 2354 haud
830 2307 957 2379 parum
973 2280 1124 2354 eontulit

106 2423 154 2497 ad
181 2423 313 2497 horum
337 2422 509 2517 librorum
528 2449 670 2497 suavem
687 2433 724 2497 et
739 2449 881 2522 gravem
898 2424 1122 2498 locutionem.

106 2564 222 2657 Quod
246 2564 370 2639 attinet
394 2564 437 2638 ad
464 2565 635 2664 priorem,
657 2566 729 2639 fere
747 2565 880 2664 ubique
897 2565 1124 2665 cogitationes

107 2709 293 2807 scriptoris
330 2708 497 2806 pulchre,
537 2708 706 2782 concinne
743 2717 848 2806 atque
880 2718 1039 2783 accurate
1071 2734 1124 2782 ex·

107 2851 247 2948 positae
279 2861 380 2950 suut,
413 2877 453 2924 16
482 2851 597 2924 verbis
626 2850 762 2926 idoneis
788 2875 984 2950 expressae,
1010 2851 1058 2922 ita
1083 2857 1125 2923 ut

107 2999 231 3065 toturn
265 2994 494 3067 concinnitate
533 2992 783 3076 sententiarum
821 3002 1026 3064 exornatum
1067 2993 1123 3066 sit.

110 3133 278 3210 Modesto
303 3136 472 3211 vocabula
500 3136 538 3208 in
566 3136 609 3208 iis
634 3143 802 3233 usurpata
827 3143 992 3231 atquem
1018 3133 1126 3231 pluri·

110 3301 216 3350 mum
229 3278 457 3351 verecundiae
470 3276 565 3373 leges
578 3277 779 3349 observatae
792 3285 885 3347 suut.
910 3274 1124 3372 Plerumque

110 3420 232 3518 turpia
273 3428 335 3492 aut
375 3419 498 3492 leviter
534 3418 589 3490 his
626 3411 663 3490 iu
705 3416 839 3515 scriptis
878 3424 1006 3489 attacta
1041 3423 1124 3489 sunt

110 3573 176 3635 aut
214 3562 522 3638 circumlocutione
558 3560 725 3657 mitigata.
781 3559 921 3651 Quibus
959 3558 1123 3632 omnibus

111 3714 214 3799 grata
245 3706 434 3788 lectoribus
469 3729 509 3776 ea
536 3702 700 3778 ecclesiae
726 3702 941 3775 Christianae
960 3700 1122 3798 antiquae

113 3856 344 3921 monumenta
364 3855 456 3919 sunt.
484 3847 668 3931 Attamen,
690 3843 840 3931 interea,
855 3869 925 3916 non
940 3868 1058 3916 meum
1071 3850 1124 3915 est

114 3986 274 4076 diffiteri,
300 3989 486 4087 praecipue
510 3987 547 4059 in
572 3988 655 4059 [nst.
678 3986 758 4059 Diu.
784 3985 899 4071 libris,
918 3986 1050 4058 ratione
1066 3984 1122 4055 ha·

114 4130 190 4203 bita
205 4132 456 4229 mythologiae‚
475 4129 662 4202 nonnullas
679 4109 1122 4228 turpitudinesmodestiae
