2792 5150
728 501 775 570 62

246 707 452 780 munionem
476 732 558 782 cum
582 709 668 781 Deo.
709 708 870 782 Vinculis
893 735 1020 810 nempe
1038 713 1178 811 pietatis
1205 742 1265 790 se-

242 851 401 924 cundum
426 851 576 924 auctoris
598 852 828 931 sententiam.
844 852 1004 927 obstricti
1022 854 1098 928 Deo
1115 866 1151 930 et
1166 859 1259 933 rele-

241 992 314 1091 gati
338 1018 484 1080 sumus,
509 993 605 1066 unde
629 994 706 1092 ipsa
731 993 855 1092 religio
879 1020 1008 1069 nomen
1034 999 1166 1098 accepit
1179 1001 1213 1092 ¹).

290 1137 333 1208 In
369 1136 552 1235 Religione
590 1136 663 1209 sola
702 1163 882 1211 summum
910 1138 1045 1213 bonum
1075 1150 1144 1229 est,
1170 1168 1261 1218 nam

240 1279 302 1353 illa
328 1289 379 1353 est
404 1280 491 1353 ratio
516 1289 551 1353 et
578 1281 720 1368 modus,
746 1281 875 1379 quibus
900 1284 1102 1380 pervenitur
1121 1285 1167 1357 ad
1186 1287 1261 1360 Dei

243 1422 378 1519 Optimi
396 1504 399 1509 ,
416 1422 562 1497 Maximi
593 1422 805 1499 fruitionem.
858 1424 894 1499 Si
928 1425 1068 1523 Religio
1094 1427 1258 1516 tollitur,

242 1563 341 1636 nulla
379 1563 479 1637 nobis
516 1565 602 1636 ratio
638 1588 721 1637 oum
758 1564 855 1638 coelo
889 1574 959 1653 est3
991 1567 1158 1664 quoniam
1192 1595 1259 1666 per

242 1731 319 1779 eam
344 1731 462 1779 rerum
485 1707 691 1781 coelestium
716 1708 887 1781 rationem
911 1710 1163 1806 cognoscimus.
1205 1711 1251 1785 Ili

242 1875 325 1948 ergo
350 1851 571 1924 serviendum
597 1860 667 1936 est,
692 1876 800 1949 quam
822 1853 885 1950 qui
901 1878 972 1925 non
989 1855 1159 1951 suscepit,
1177 1855 1255 1953 ipse

242 2019 277 2066 se
302 1993 489 2091 prosternit
512 1994 548 2065 in
572 2003 701 2066 terram
717 2002 752 2067 et
769 1995 875 2067 vitam
892 1997 1070 2093 pecudum
1088 2006 1252 2084 secutus,

240 2137 455 2210 humanitate
494 2162 530 2208 se
567 2136 706 2208 abdicat
717 2137 752 2227 ¹).
804 2136 936 2209 Eadem
968 2163 1050 2210 cum
1080 2138 1252 2236 sapientia

240 2280 464 2379 inseparabili
496 2306 588 2354 nexu
621 2281 799 2366 cohaeret,
836 2280 885 2352 ita
919 2290 961 2352 ut
993 2280 1101 2352 altera
1132 2281 1177 2353 ab
1202 2281 1255 2353 al·

243 2432 316 2496 tera
349 2422 467 2496 divelli
492 2432 661 2521 nequeat;
687 2423 771 2519 quia
796 2448 915 2521 sapere
940 2424 1028 2497 nihil
1053 2423 1150 2497 aliud
1180 2434 1252 2512 est,

244 2566 311 2639 nisi
344 2566 461 2643 Deum
497 2593 620 2640 verum
650 2567 753 2665 justis
786 2592 825 2640 ac
859 2567 927 2666 piis
961 2566 1116 2640 cultibus
1147 2567 1254 2640 hono-

244 2735 338 2796 rare;
381 2709 556 2806 siquidem
604 2719 782 2808 praeterea
820 2711 1004 2807 utriusque
1041 2710 1118 2782 fons
1155 2709 1253 2783 Deus

246 2861 298 2926 est
319 2860 343 2944 l.
391 2852 511 2925 Altera
544 2853 618 2926 sine
647 2852 756 2925 altera
780 2852 825 2925 ad
854 2877 986 2925 errores
1009 2851 1126 2939 ducit,
1155 2852 1252 2948 quod

248 2996 477 3068 Ethuioorum
512 2994 667 3067 mundus
703 2994 804 3067 nobis
842 2994 887 3066 ob
915 2994 1034 3067 oculos
1058 2993 1157 3092 pouit
1179 3002 1251 3066 tam

249 3138 286 3211 in
313 3136 542 3211 multitudine
568 3137 903 3236 superstitiosorum,
929 3162 1036 3235 quam
1051 3135 1089 3208 in
1105 3160 1251 3209 numero

246 3280 543 3380 philosophorum.
593 3281 696 3367 Nam,
728 3246 974 3378 quodattinet
1003 3279 1049 3351 ad
1074 3278 1183 3366 illos,
1202 3279 1251 3350 sass

247 3443 436 3455 ’,ιιι-ω..-

284 3522 306 3591 ¹)
325 3525 402 3594 „Hac
421 3524 492 3579 enim
510 3525 661 3580 conditione
678 3524 822 3597 gignimur,
841 3534 871 3579 ut
886 3524 1022 3595 generanti
1039 3542 1089 3579 nos
1108 3524 1166 3577 Deo
1180 3522 1252 3592 justa

244 3638 270 3683 ot
289 3629 377 3684 debita
395 3629 521 3701 obsequia
540 3630 720 3700 praebeamus,
734 3630 818 3702 ¹hune
836 3629 922 3684 solum
940 3630 1102 3693 noverimus;
1122 3629 1193 3682 hunc
1211 3644 1250 3681 se·

244 3752 363 3805 quamur.
402 3735 463 3789 Hoc
489 3735 594 3789 vinculo
623 3735 727 3805 pietatis
756 3734 871 3789 obstricti
892 3735 949 3788 Deo
974 3743 1001 3789 et
1019 3732 1125 3805 relegati
1143 3748 1250 3794 sumus;

244 3839 314 3893 unde
342 3840 398 3910 ipsa
425 3839 515 3910 religio
543 3857 639 3894 nomen
668 3840 780 3910 accepit,
809 3857 864 3892 non
893 3848 923 3892 ut
951 3838 1042 3893 Cicero
1062 3839 1247 3907 interpretatus

245 3956 295 4011 est,
315 3947 501 4016 arelependo.''
526 3947 591 4001 Inst.
612 3945 674 4000 Div.
693 3946 739 4000 lib.
759 3946 809 4000 IV.
828 3964 885 4016 cap.
906 3946 951 3999 28.
971 3963 1031 4016 pag.
1053 3947 1106 3997 553
1126 3944 1166 3996 ed.
1176 3946 1246 3996 Biia.

285 4048 309 4114 ²)
330 4052 391 4105 Div.
411 4053 476 4106 Inst.
495 4051 540 4106 lib.
560 4052 608 4106 III.
628 4070 684 4123 cap.
709 4052 750 4106 10.

286 4153 310 4220 ³)
330 4157 391 4214 Div.
411 4158 476 4212 Inst.
496 4157 541 4211 lib.
561 4158 610 4210 IV.
630 4174 689 4226 cap.
709 4160 735 4212 4.
