2792 5150
606 486 653 556 45

129 715 205 763 mos
229 690 371 778 influat,
404 705 440 766 et
464 695 498 767 vi
522 719 586 767 sua
610 694 780 770 instructa
805 702 840 769 et
864 693 945 767 luoe
969 691 1134 769 orationis

128 832 272 905 ornata’'
291 834 324 923 ¹).

599 1088 617 1172 l
646 1086 678 1155 2·
780 1168 782 1173 ,

467 1325 594 1397 maai
620 1322 794 1395 Eruditt'o.

146 1641 148 1644 Α
180 1548 297 1646 Opera
334 1551 501 1624 Laetantii
543 1576 583 1624 eo
621 1550 766 1624 oonsilio
799 1550 926 1625 litteris
953 1550 1135 1635 mandata,

129 1701 173 1763 ut
204 1690 409 1789 religionem
433 1693 665 1766 Christianam
695 1693 939 1779 defenderent,
965 1692 1036 1765 fere
1063 1692 1138 1765 ubi·

131 1857 202 1928 que
228 1834 362 1908 enitent
384 1860 510 1933 magna
534 1836 739 1909 eruditionis
766 1837 874 1934 eopia.
912 1835 981 1909 His
1006 1835 1043 1907 in
1060 1859 1138 1934 ope·

130 1963 232 2046 ribus
257 1999 382 2073 nempe
407 2001 477 2049 non
494 1977 609 2050 solum
625 2002 707 2050 vera
723 1978 877 2074 cognitio
894 1978 1139 2050 thesaurorum

131 2116 291 2189 eoelestis
328 2120 515 2217 sapientiae
553 2131 690 2218 praesto
722 2133 791 2208 est3
817 2146 939 2194 verum
967 2119 1138 2219 imprimis
1239 2192 1241 2200 ,

130 2258 204 2332 fere
234 2261 394 2333 omnium
423 2261 619 2336 studiorum
651 2264 887 2337 humanitatis.
939 2262 1045 2352 Quod
1083 2287 1139 2360 pa·

131 2409 184 2472 tet
210 2425 249 2473 ex
277 2426 404 2499 magna
429 2404 551 2476 notitia
575 2429 692 2477 rerum
711 2405 1026 2503 metaphysioarum
1043 2402 1138 2477 illius

132 2543 319 2642 temporis,
352 2568 423 2641 quo
444 2545 646 2643 praesertim
671 2545 885 2643 mythologie
910 2545 1139 2619 Ethnioorum

85 2723 87 2728 ·
133 2695 329 2784 exponatur
344 2711 383 2759 ao
398 2686 499 2761 faoile
515 2686 559 2759 ab
578 2697 718 2761 auctore
736 2688 966 2786 impugnetur
977 2689 1012 2777 ⁸).
1040 2688 1140 2765 Idem

10 2851 12 2858 ’
133 2853 356 2924 summopere
380 2839 522 2928 apparet
547 2854 590 2902 ex
615 2830 854 2929 philosophiae
875 2830 1037 2927 antiquae
1054 2830 1141 2928 peri·

133 2971 202 3089 tia,
227 2996 318 3070 quae
338 2971 482 3068 quidem
503 2997 545 3045 eo
567 2973 740 3070 procedit,
761 2981 801 3045 ut
821 2997 930 3071 paene
948 2971 1045 3045 nulla
1067 2972 1141 3070 phi·

134 3114 361 3211 losophorum
378 3124 470 3186 seota
487 3139 569 3187 eum
585 3114 736 3187 latuerit.
772 3114 868 3204 Quid
884 3114 1010 3213 plura?
1044 3114 1142 3186 Num

134 3255 264 3329 addere
282 3281 370 3354 opus
387 3266 439 3329 est
457 3257 493 3330 in
510 3269 682 3354 quantum
699 3257 871 3330 Laetantii
883 3256 1143 3330 lucubrationes

134 3423 217 3497 prae
239 3424 274 3471 se
293 3400 405 3473 ferant
429 3399 497 3472 Dei
518 3413 552 3472 et
569 3400 770 3474 animorum
787 3411 930 3472 naturae
944 3399 1140 3485 seientiam

133 3541 223 3615 dnm
248 3550 368 3616 auotor
393 3542 466 3641 ipse
482 3542 654 3640 imprimis
670 3541 832 3639 Supremi
848 3540 1013 3614 Numinis
1031 3540 1142 3613 unita-

135 3693 206 3755 tem
230 3707 380 3754 asserere
398 3682 535 3755 studuit
552 3707 591 3754 ao
608 3681 883 3781 disputationem
901 3681 945 3755 de
957 3681 1073 3753 anima
1085 3705 1144 3752 no·

176 3926 199 3991 ¹)
219 3929 285 3983 Inst.
303 3927 349 3984 lib.
369 3929 390 3982 l.
410 3946 467 3999 cap.
490 3929 513 3982 l.
534 3946 594 3999 pag.
614 3931 641 3983 6.
661 3928 712 3982 Ed.
731 3931 802 3982 utin.

174 4032 198 4097 ²)
218 4035 267 4103 „ln
284 4033 429 4090 Gentilium
448 4033 579 4104 theologia
588 4032 730 4104 plurimum
748 4033 857 4089 valuit.‘'
887 4034 988 4090 Cave:
1008 4029 1145 4092 niualis.

136 4153 201 4199 tom.
222 4142 242 4197 l.
263 4158 322 4214 pag.
344 4140 410 4206 161,
428 4139 456 4197 iu
475 4140 535 4197 fine.
1068 4139 1070 4142 ’
