2792 5150
606 511 651 581 65

118 713 192 785 hoc
217 724 287 802 est,
313 715 480 814 religione
505 742 637 804 errare,
669 718 844 815 siquidem
869 742 993 790 eorum
1017 718 1131 789 omnis

119 854 251 953 religio
276 867 329 930 est
352 859 428 931 sine
452 857 581 932 scelere
610 884 649 931 ao
673 859 811 932 maculo
838 860 953 933 vivere
969 860 1003 949 ¹).
1054 859 1132 930 Imo

119 996 221 1070 haud
249 1022 375 1096 perum
403 999 512 1074 valuit
536 1001 581 1073 ad
604 1026 680 1074 eam
708 1025 821 1074 veram
850 1000 1047 1074 habendam
1070 1025 1133 1072 nu·

120 1162 245 1212 merus
269 1140 428 1214 fidelium
456 1167 592 1240 semper
620 1167 795 1229 crescens,
820 1142 985 1215 invictam
1016 1151 1134 1215 tenen·

120 1280 219 1355 tium
256 1284 459 1383 patientiam
496 1285 587 1358 inter
622 1285 783 1382 fatigatos
816 1285 1013 1372 carnifices,
1048 1285 1135 1358 dum

120 1425 229 1498 variis
253 1434 509 1500 tormentorum
538 1426 725 1524 generibus
749 1426 927 1500 dilacerati
951 1436 1034 1500 sunt
1049 1427 1084 1517 ⁸).

176 1567 309 1642 Effeeta
322 1569 500 1666 religionis
517 1569 732 1643 Christianae
748 1569 831 1643 talia
847 1580 944 1656 sunt,
962 1578 1004 1642 ut
1020 1577 1134 1642 toturn

120 1707 305 1781 hominem
329 1709 515 1783 immutare
540 1718 593 1797 et,
620 1720 735 1782 vetere
756 1719 880 1797 exuto,
899 1734 1029 1783 novum
1055 1710 1136 1782 red-

121 1848 209 1922 dere
233 1851 384 1949 possint,
411 1852 459 1924 ita
484 1862 615 1925 utnon
639 1876 826 1949 cognoscas
845 1851 1008 1924 eundem.
1037 1849 1136 1923 Haeo

121 2015 253 2091 nempe
283 1994 441 2067 coelestis
474 1993 631 2067 doctrina
655 1993 728 2066 sola
753 1994 936 2066 hominum
968 1992 1136 2090 cupidita·

122 2142 180 2205 tes
203 2133 414 2231 opprimere,
442 2135 530 2207 iram
555 2144 748 2230 temperare
765 2159 956 2232 pravasque
968 2132 1137 2206 libidines

124 2273 300 2371 expellere
319 2284 448 2374 potest.
500 2274 605 2366 Quod
634 2274 778 2372 quidem
800 2275 1035 2372 experimenta
1053 2299 1136 2372 quo·

123 2413 259 2486 tidiana
284 2414 481 2489 luculenter
506 2415 754 2488 demonstrant.
806 2415 897 2487 Nam
922 2426 958 2487 et
982 2415 1136 2488 auctoris

124 2562 284 2653 tempore
315 2555 396 2655 plus
433 2555 540 2629 semel
581 2556 713 2655 patuit,
748 2556 938 2653 injustum,
972 2555 1136 2655 insipien·

126 2705 201 2770 tem
225 2708 459 2797 peccatorem,
490 2724 530 2771 ea
564 2698 731 2794 religione
761 2708 937 2797 suscepte,
969 2699 1136 2770 continuo

126 2864 302 2937 aequum,
336 2841 545 2938 prudentem
571 2849 606 2913 et
636 2842 858 2914 innocentem
886 2841 1017 2914 factum
1051 2845 1134 2913 esse,

126 2982 253 3080 Neque
298 2983 363 3056 hoc
410 2982 608 3056 mirandum
657 2993 726 3070 est,
769 2983 936 3081 quoniam
973 2983 1048 3079 ejus
1085 2981 1136 3055 vis

127 3133 226 3197 tanta
255 3133 324 3210 est,
360 3133 400 3196 ut
428 3125 465 3197 in
493 3124 644 3197 hominis
675 3134 798 3222 peetus
825 3125 957 3210 inlusa,
990 3132 1136 3197 matrem

129 3266 357 3353 delictorum,
396 3267 581 3339 stultitiam
617 3293 690 3342 uno
728 3267 834 3341 semel
864 3268 998 3364 impetu
1025 3265 1137 3363 expel-

129 3407 190 3482 lat.
242 3407 309 3481 Illa
325 3432 400 3503 non·
422 3407 537 3484 solum
558 3408 641 3481 vitia
667 3408 858 3495 abscindit,
884 3433 1007 3480 verum
1032 3407 1138 3480 etiam

130 3549 317 3636 exscindit,
353 3575 423 3647 qua
451 3575 488 3624 re
518 3550 705 3648 sapientiae
743 3549 1027 3649 philosophorum
1061 3550 1138 3647 pul·

131 3693 213 3765 ohre
238 3692 386 3766 excellit.
437 3692 528 3768 Nam
547 3691 633 3765 dum
650 3692 687 3764 hi
712 3701 860 3765 aetatem
880 3701 995 3764 totam
1020 3690 1138 3763 studio

131 3832 368 3932 philosophiae
384 3842 580 3921 conterant,
598 3858 781 3930 nunquam
797 3834 907 3906 alium
923 3855 1138 3930 quemquam

171 4047 194 4114 ¹)
215 4051 276 4106 Div.
296 4052 360 4108 Inst.
379 4051 424 4105 lib.
444 4052 480 4105 V.
500 4067 558 4123 esp.
579 4050 605 4103 9.
626 4050 734 4104 influe.

171 4151 195 4217 ¹)
216 4156 277 4213 niv.
296 4158 362 4212 lnst.
381 4156 427 4211 lib.
446 4158 483 4210 V.
502 4174 561 4228 cap.
583 4158 626 4211 13.
