2792 5150
621 520 665 592 97

130 737 171 800 et
192 727 263 801 duc
279 737 459 826 tamquam
483 753 587 801 unus.
629 727 778 824 „Neque
803 726 842 799 id
864 726 1038 814 mirum,'’
1057 753 1147 824 quae

133 870 288 944 auctoris
311 871 421 969 ipsius
446 869 551 944 verba
577 878 678 955 sunt,
707 893 845 967 „quum
864 879 899 942 et
918 868 1029 942 Filius
1047 869 1094 942 sit
1111 869 1147 941 in

135 1009 254 1097 Patre,
281 1011 365 1110 quia
389 1012 491 1085 Pater
511 1008 626 1107 diligit
644 1009 777 1083 Filium
787 1045 796 1097 ;
815 1018 850 1083 et
866 1010 1021 1083 Peterin
1039 1009 1148 1097 Filio,

136 1152 223 1247 quie
246 1150 421 1225 voluntati
446 1151 558 1225 Patris
583 1149 737 1224 fideliter
760 1159 877 1249 paret,
904 1175 968 1223 nec
993 1175 1151 1248 unquam

134 1291 240 1365 faciat
271 1301 333 1365 aut
356 1292 493 1379 fecerit,
518 1291 586 1376 nisi
612 1292 710 1389 quod
736 1293 838 1366 Pater
865 1301 927 1366 aut
951 1292 1063 1366 voluit
1088 1303 1150 1365 aut

132 1434 262 1532 jussit'’
276 1435 309 1522 ¹).

188 1576 246 1651 Ad
262 1577 562 1675 comprobandum
583 1575 777 1673 oportuisse
795 1575 976 1649 Christum
990 1600 1060 1649 non
1077 1584 1150 1648 tan·

136 1729 216 1793 tum
238 1719 367 1806 Deum,
389 1718 450 1791 scd
476 1728 511 1791 et
530 1717 709 1790 homiuem
723 1742 812 1805 esse,
830 1717 1032 1791 Lactantius
1048 1743 1149 1815 argu·

136 1862 268 1934 mentis
296 1861 408 1934 utitur
441 1860 548 1933 hisce.
601 1860 657 1932 Ob
695 1859 786 1932 hanc
818 1860 962 1956 quidem
994 1884 1150 1934 caussam

138 2028 222 2077 cum
248 2003 404 2103 oportuit
428 2027 501 2075 non
526 2027 659 2075 meram
685 2002 878 2075 humanam
902 2012 1070 2075 naturam
1088 2002 1152 2074 ha·

137 2146 243 2233 bere,
269 2145 365 2243 quod
390 2146 427 2218 in
452 2145 610 2218 doctrina
633 2143 787 2243 perfecta
812 2143 1019 2243 proferenda
1043 2153 1079 2217 ct
1094 2168 1152 2216 ne-

138 2288 300 2361 cessitate
315 2287 476 2387 parendi‚
494 2286 695 2360 hominibus
718 2285 860 2359 coelesti
873 2286 1077 2359 auctoritate
1089 2286 1152 2358 im-

138 2429 317 2528 ponenda,
333 2452 470 2503 necesse
485 2429 530 2502 sit
541 2437 583 2501 ut
593 2428 670 2527 ipse
682 2453 825 2525 quoque
837 2428 940 2501 faciat
951 2439 1152 2528 praecepta,

139 2597 231 2670 quae
246 2571 449 2646 hominibus
471 2571 540 2645 dat.
581 2571 632 2644 Eo
649 2570 761 2668 magis
777 2597 832 2685 res
848 2596 922 2644 sese
938 2571 987 2645 itu
1002 2571 1151 2659 habent,

141 2724 183 2786 ut
204 2715 345 2789 videant
370 2713 430 2787 ulii
455 2738 495 2786 ea
518 2713 594 2786 fieri
618 2739 734 2812 posse,
760 2738 849 2810 quac
867 2713 944 2800 ille,
961 2715 1023 2811 qui
1039 2739 1153 2788 mores

141 2854 291 2929 aliorum
330 2856 450 2952 fingit,
488 2854 683 2954 praecepit,
722 2879 810 2928 neve
846 2863 1071 2928 contemnant
1094 2855 1152 2928 do·

142 3005 283 3069 ctorem.
311 2997 401 3069 item
425 3021 565 3069 necesse
591 3005 664 3068 erat
688 3006 730 3068 ut
755 2996 824 3068 Dei
851 2994 962 3068 Filius
983 3021 1085 3070 carne
1102 2998 1152 3070 in·

142 3138 250 3212 dutus
275 3138 400 3224 fuerit,
425 3137 522 3236 quod
548 3137 645 3209 Deus
662 3161 785 3234 expers
802 3136 954 3233 corporis
971 3137 1150 3211 hominem

143 3280 268 3354 docere
292 3305 361 3353 non
388 3280 511 3377 possit;
536 3278 634 3375 quod
661 3301 740 3364 cos,
770 3277 834 3373 qui
862 3288 1027 3350 excusent
1051 3304 1153 3353 carne

143 3421 272 3496 delicta
301 3447 383 3509 sua,
409 3421 520 3494 valeat
548 3419 775 3516 redarguere,
793 3418 996 3505 ostendens,
1015 3445 1153 3494 curnem

144 3564 250 3639 ctiam
287 3588 388 3663 posse
427 3585 550 3661 capere
579 3562 755 3635 virtutem.
806 3560 898 3632 Nam
924 3560 972 3632 sic
997 3562 1154 3660 exempla

142 3705 281 3778 virtutis
315 3703 449 3776 homini
478 3701 646 3800 praebere
680 3701 798 3799 potuit
827 3699 907 3786 ille,
937 3701 1001 3796 qui
1027 3725 1048 3771 a
1076 3699 1153 3771 Deo

143 3846 278 3921 doctori
314 3845 416 3918 nobis
445 3843 547 3917 datus
578 3851 630 3916 est
646 3844 681 3933 ¹).
734 3843 825 3915 Eum
850 3841 960 3937 igitur
986 3842 1084 3913 Deus
1107 3840 1152 3912 ad

144 3996 334 4010 *nn-u-

185 4060 207 4127 ¹)
228 4063 289 4117 Div.
308 4062 373 4115 lust.
393 4060 438 4144 hb?
458 4059 507 4117 IV.
527 4077 585 4131 cap.
601 4059 646 4114 29.

182 4163 206 4230 ⁹)
226 4166 289 4221 Diu.
308 4165 373 4221 lust.
392 4164 438 4220 lib.
457 4165 507 4218 lv,
526 4182 584 4234 cup.
604 4164 656 4225 23,
676 4164 722 4216 24.
