2792 5150
592 552 636 623 57

91 761 152 832 vis
181 760 284 834 fateri
308 759 411 832 liceat
430 760 487 833 hio
508 759 581 832 illio
603 761 752 833 ironiam
778 787 925 859 eamque
943 787 1118 837 nonnum·

93 928 217 999 quam
229 927 383 975 amaram
398 903 635 976 introductam
652 928 736 976 esse.
770 903 852 994 Quo
869 928 941 976 uno
958 914 1117 1002 excepto,

93 1056 244 1118 caetera
259 1047 378 1119 omnia
394 1045 547 1118 multum
568 1045 685 1119 valent
703 1047 747 1118 ad
765 1047 959 1119 orationem
976 1071 1119 1144 gravem

94 1188 336 1261 reddendam.
375 1189 480 1279 Quod
497 1188 642 1285 quidem
659 1213 773 1261 unum
790 1213 809 1262 a
825 1188 990 1287 pluribus
1006 1214 1119 1262 exem·

95 1330 226 1430 plum,
240 1331 279 1403 ni
292 1330 407 1417 fallor,
422 1331 562 1404 abunde
575 1331 723 1430 probare
736 1331 873 1429 poterit.
902 1332 958 1404 lta
972 1332 1120 1429 gravitas

96 1474 334 1571 sequentium
360 1475 612 1547 sententiarum
637 1474 873 1570 eloquentiam
898 1474 935 1546 in
952 1474 996 1546 iis
1021 1472 1122 1546 libris

96 1615 245 1713 ubique
282 1617 470 1714 repositam
508 1616 609 1689 nobis
645 1617 748 1713 plane
786 1617 831 1690 ob
858 1616 978 1690 ooulos
1010 1617 1118 1714 ponit.

99 1757 216 1844 „Una
231 1757 263 1842 ,''
281 1758 395 1831 -sio
413 1759 567 1855 quodam
583 1758 660 1831 loco
686 1783 729 1830 ex
749 1758 821 1831 imo
846 1768 985 1864 pectore
1010 1759 1128 1857 loqui.

98 1909 165 1971 tur
194 1923 316 1972 eorum
344 1908 464 1972 auotor
482 1944 531 1954 -
558 1925 659 1998 „spes
686 1900 839 1987 homini;
870 1925 942 1974 una
967 1898 1061 1973 salus
1084 1900 1122 1972 in

97 2040 171 2113 hae
201 2041 377 2128 doctrina,
403 2066 510 2139 quam
533 2041 773 2133 defendimus,
790 2043 904 2140 posita
921 2051 986 2128 est;
1008 2043 1122 2114 omnis

99 2185 280 2282 sapientia
316 2184 466 2256 hominis
504 2184 539 2257 in
578 2185 644 2257 hoo
681 2208 796 2256 unum
827 2193 899 2271 est,
932 2192 973 2258 ut
1004 2184 1122 2257 Deum

100 2334 298 2423 cognoscat
332 2335 367 2399 et
400 2324 499 2398 colat.
553 2324 633 2398 Hoo
668 2334 828 2398 nostmm
858 2325 1004 2423 dogma,
1037 2325 1121 2398 haee

102 2468 285 2540 sententia
309 2477 370 2540 est.
423 2468 562 2559 Quanta
587 2468 706 2566 itaque
732 2492 815 2541 voce
842 2492 1003 2565 possum,
1029 2467 1122 2539 testi·

102 2610 214 2696 fioor,
246 2610 441 2707 proclamo,
476 2610 665 2683 denuntio:
710 2610 800 2695 Hic,
839 2610 895 2682 hio
930 2619 982 2683 est
1009 2609 1122 2697 illud,

104 2751 210 2848 quod
234 2752 431 2850 philosophi
461 2777 582 2824 omnes
606 2751 644 2823 in
670 2760 744 2823 tota
769 2776 832 2824 sua
857 2751 913 2823 via
947 2752 1123 2848 quaesive-

104 2905 212 2981 runt,
239 2922 302 2968 neo
328 2921 483 2993 unquam
509 2903 626 2967 tamen
651 2894 879 2991 investigare,
901 2894 1124 2993 comprehen-

106 3037 211 3125 dere,
229 3048 347 3111 tenera
364 3038 562 3125 valuerunt,
580 3037 663 3135 quia
678 3037 886 3132 religionem
904 3044 966 3109 aut
981 3061 1123 3134 pravam

106 3180 335 3253 retinuerunt
361 3188 422 3252 aut
448 3188 558 3252 totam
582 3179 723 3278 penitus
748 3177 989 3251 sustulerunt''
1004 3178 1038 3266 ¹).

162 3320 303 3410 Quibus
329 3320 433 3392 rebus
459 3319 625 3392 omnibus
648 3330 790 3417 apparet
807 3319 934 3416 scripta
951 3318 1125 3390 Laetantii

110 3461 293 3559 eloquenti
327 3462 430 3535 modo
456 3486 563 3559 quam
588 3461 738 3534 maxime
762 3460 891 3547 nitere3
931 3460 1004 3532 imo
1030 3459 1124 3532 Cica-

109 3603 210 3676 ronis
235 3603 378 3677 laudem
398 3604 493 3676 haud
518 3603 627 3677 dubie
651 3628 796 3677 merere.
840 3603 966 3700 Neque
990 3602 1055 3674 hao
1079 3601 1124 3674 de

111 3769 151 3816 re
186 3745 318 3818 haesito
342 3745 448 3818 verba
473 3746 513 3819 L.
540 3745 651 3819 Coelii
678 3745 879 3841 Rhodigeni
901 3770 979 3817 maa
996 3744 1125 3831 faeere,

113 3912 228 3983 quum
253 3888 356 3962 dicit:
384 3890 613 3975 „Lactantius
634 3890 725 3963 inter
743 3888 958 3961 Christianae
974 3887 1127 3961 veritatis

119 4067 306 4079 -ι--υ-...ψα-

159 4180 181 4244 ι)
202 4184 270 4238 Vide
289 4184 354 4239 lust.
374 4184 419 4238 lib.
439 4183 487 4238 lll.
507 4202 565 4253 cap.
585 4187 630 4238 30.
652 4202 711 4255 pag.
731 4185 782 4237 421
806 4187 876 4239 aliu.

993 4284 1012 4340 8
