2792 5150
624 537 669 609 27

143 743 344 817 bationibus
369 744 473 841 longe
498 756 690 832 remotum,
716 746 806 833 ima,
832 747 877 818 ab
900 749 997 820 omni
1021 750 1147 844 agendi

142 886 283 958 ratione.
335 886 452 958 Deum
477 887 585 983 igitur
610 887 760 960 otiosum
792 888 1051 986 praedicabant,
1085 892 1146 988 qui

141 1053 322 1126 nunquam
340 1053 393 1101 res
415 1028 608 1101 mundanas
625 1040 732 1101 curat.
760 1035 854 1120 Quas
870 1030 1050 1127 opiniones
1067 1033 1146 1105 scri·

139 1180 216 1269 ptor
245 1178 347 1243 acute
371 1170 527 1243 refellere
552 1180 714 1256 conatur,
742 1172 1010 1245 demonstrando
1028 1173 1145 1247 Deum

139 1337 275 1384 summe
289 1313 425 1408 justum
441 1337 569 1410 poenas
585 1313 763 1410 imponere
780 1313 939 1386 sontibus
956 1314 1001 1386 ob
1019 1314 1145 1387 malam

138 1454 321 1525 hominum
351 1464 503 1526 mentem
534 1479 725 1551 eorumque
755 1455 895 1542 delicta3
927 1457 1029 1529 sicuti
1056 1457 1146 1529 bene

139 1596 355 1669 merentibus
386 1597 555 1695 promissa
593 1597 790 1694 impertitur
824 1622 978 1670 munera.
1031 1599 1145 1689 Quam

138 1739 334 1811 doctrinam
351 1765 422 1812 non
439 1740 570 1812 ratione
588 1741 699 1812 solum
712 1800 720 1825 ,
734 1740 795 1812 sed
812 1741 1028 1836 argumentis
1042 1741 1145 1813 etiam

139 1882 296 1980 undique
338 1883 515 1979 acquisitis
551 1882 776 1981 comprobare
819 1884 946 1956 studet.
1007 1882 1146 1973 Quibus

140 2024 244 2096 rebus
282 2025 423 2097 tandem
459 2024 557 2097 addit
585 2025 844 2098 conclusionem
874 2026 1145 2123 paraeneticum,

140 2191 210 2262 qna
244 2192 364 2239 omnes
398 2168 556 2239 hortetur
587 2177 628 2240 ut
653 2169 770 2240 Deum
795 2177 931 2253 ament,
964 2169 1059 2265 quod
1083 2194 1146 2267 pa·

140 2318 209 2395 ter;
244 2334 395 2405 eumque
420 2318 646 2396 venerentur,
674 2310 770 2406 quod
795 2309 968 2382 Dominus
993 2310 1045 2382 sit.

188 2451 222 2524 d.
274 2452 538 2524 Institutionum
580 2454 661 2525 Dio.
696 2454 853 2547 Epitoure
869 2454 901 2541 ¹).
954 2452 1025 2542 Qui
1057 2452 1147 2524 liber

141 2620 207 2668 non
236 2595 352 2668 statim
377 2605 456 2694 post
480 2595 589 2667 editas
607 2596 691 2682 Inst.
711 2595 792 2667 niv.
813 2596 1023 2693 conscriptas
1040 2595 1147 2669 fuisse

140 2737 289 2823 videtur,
302 2762 425 2809 verum
437 2748 516 2835 post
529 2738 712 2835 cujusdam
732 2737 898 2835 temporis
911 2737 1145 2811 intervallum.

139 2877 243 2968 Quod
284 2887 404 2951 auctor
440 2879 514 2976 ipse
551 2878 699 2964 indicat,
729 2879 864 2952 dicens:
900 2905 1144 2978 „quamquam

141 3021 256 3093 Divin.
293 3021 377 3093 Inst.
412 3020 512 3107 libri,
540 3046 627 3117 quos
642 3026 723 3119 jum
740 3024 877 3116 pridem
903 3021 947 3094 ad
974 3021 1147 3096 illustran-

145 3226 333 3238 -t———u

179 3335 201 3399 ¹)
221 3339 350 3407 Tempore
367 3336 522 3408 Hieronymi
538 3338 677 3393 maximam
690 3347 792 3409 partem
807 3346 927 3392 truncata
942 3337 1025 3393 fuisse
1035 3338 1146 3398 videtum

139 3460 200 3496 uam
215 3442 328 3496 illesam
343 3442 465 3496 describit
479 3438 643 3511 „s’rrrrcutsu
656 3443 771 3512 ejusdem
792 3443 876 3514 operis
895 3443 923 3497 in
938 3443 1006 3497 libro
1022 3461 1076 3497 uno
1091 3460 1147 3497 ace·

140 3546 245 3618 phalo.'’
264 3548 364 3601 Eadem
378 3547 480 3602 ratione
494 3548 566 3602 venit
580 3549 715 3602 admanus
724 3549 910 3611 recentiorum,
921 3549 1005 3602 donec
1014 3548 1054 3603 el.
1065 3565 1149 3603 cnm·

140 3668 245 3708 suoru.
266 3668 612 3708 nnrnn.rrnar1useam
630 3652 683 3707 fere
701 3654 829 3725 integram
838 3653 940 3707 invenit
949 3654 977 3707 iu
987 3653 1149 3708 Bibliotheca

140 3758 223 3828 Regia
251 3756 407 3811 Taurinensi
435 3766 514 3827 atque
539 3757 621 3812 edidit
646 3776 718 3812 anno
740 3757 810 3818 1712
837 3758 950 3814 Parisiis.
990 3759 1148 3829 Praecipua,

141 3881 207 3935 qnae
225 3863 258 3915 ad
276 3861 354 3930 hujus
370 3862 465 3917 codicis
482 3863 682 3932 descriptionem
692 3864 835 3933 pertinent,
848 3882 880 3917 ex
890 3863 959 3916 illius
969 3863 1150 3917 dissertatione

142 3967 315 4038 praeliminari
334 3968 367 4021 ad
388 3970 459 4038 Epit.
478 3968 544 4021 Inst.
565 3969 625 4023 Div.
646 3968 744 4022 hauriri
763 3980 882 4038 possunt.
922 3969 1072 4022 Defuerunt
1087 3969 1149 4022 olim

142 4074 221 4143 hujus
249 4073 383 4145 Epitomes
411 4073 552 4143 praefati0,
581 4091 639 4144 cap.
666 4074 757 4128 1·le
782 4083 808 4128 et
827 4092 884 4145 cap.
904 4076 1027 4129 xx-LV.
1067 4065 1152 4140 (Vide

143 4183 276 4235 rubeas:
304 4178 458 4234 Gescbiohte
485 4179 531 4233 der
549 4178 640 4233 Theol.
660 4178 738 4233 Wiss.
759 4197 819 4250 pag.
840 4181 895 4233 238
914 4178 942 4234 in
961 4180 1026 4244 fine,
1046 4157 1098 4235 vol.
1114 4177 1150 4243 Ι).
