2792 5150
619 488 664 562 89

116 722 200 771 nne
232 702 430 776 confirmari
454 704 565 801 magis
590 727 696 799 quem
726 703 869 776 destrui.
921 701 1053 794 Quare,
1081 726 1140 776 au-

115 842 235 914 ctoris
260 843 405 917 oonsilio
424 845 462 917 in
478 844 643 942 operibus
661 844 734 917 suis
751 844 979 941 suscipiendis
996 844 1140 917 minime

2 986 4 1009 ³
116 980 310 1078 neglecto,
349 985 406 1056 vix
435 984 535 1057 video
563 1009 635 1081 quo
660 986 740 1082 jure
770 984 979 1080 Hieronymi
1009 984 1137 1057 verbe:

119 1123 302 1208 „Utinam
322 1135 394 1199 tom
417 1136 534 1200 nostra
554 1129 758 1201 confirmare
781 1128 950 1224 potuisset
969 1152 1075 1225 quom
1092 1128 1139 1200 fa·

117 1262 197 1336 cile
213 1264 328 1338 aliena
344 1266 536 1341 destruxit''
551 1312 600 1322 —-·
615 1270 749 1341 ratione
762 1268 923 1342 videlieet
936 1292 1141 1341 monumen-

2 1508 3 1517 *
115 1416 248 1481 torum
271 1409 373 1483 nobis
396 1412 604 1484 traditorum
625 1455 674 1465 —-
697 1411 743 1483 ad
760 1436 842 1483 eum
858 1410 978 1485 referri
994 1410 1138 1509 possint.

117 1551 255 1649 Neque
280 1553 444 1627 omnibus
469 1556 625 1629 numeris
647 1555 784 1653 justum
808 1563 914 1654 putu,
941 1580 1042 1641 eum,
1059 1581 1141 1650 per·

117 1700 296 1769 minutum
322 1696 524 1793 theologum
549 1698 745 1797 appellare,
772 1706 812 1771 ut
829 1698 1064 1772 Heumanuus
1086 1698 1140 1771 fe-

118 1839 197 1926 cit,
225 1840 284 1911 cui
305 1839 410 1912 simul
434 1841 672 1938 profitendum
693 1849 784 1914 erat:
822 1840 886 1927 „id
908 1841 1053 1939 quidem
1077 1841 1138 1913 ho·

117 1982 224 2053 noris
241 1981 274 2054 ei
292 1982 499 2073 (lactantio)
518 1983 683 2069 debetur,
702 1984 798 2081 quod
815 1984 949 2082 primus
965 1982 1138 2056 dicendus

119 2134 179 2198 est
202 2125 295 2198 inter
311 2126 453 2200 Latinos
478 2127 692 2201 Christianos
716 2128 886 2225 cogitasse
911 2128 954 2202 de
980 2128 1138 2201 doctrina

119 2267 323 2341 Christiane
366 2269 402 2341 in
440 2269 587 2343 formem
624 2269 828 2370 disciplinae
870 2270 1136 2369 systematisque

119 2410 339 2507 redigenda''
359 2412 392 2500 ¹).
444 2412 543 2485 Prior
587 2413 681 2485 enim
731 2412 895 2485 orationis
934 2437 1014 2511 pars
1051 2421 1136 2485 tunc

118 2553 269 2628 omnino
283 2554 362 2652 jure
378 2553 495 2654 aliquo
512 2556 587 2630 fieri
603 2555 790 2655 potuisset,
805 2556 835 2629 si
856 2555 1006 2630 auctoris
1027 2555 1136 2629 consi·

119 2698 215 2771 linm
231 2724 303 2771 non
319 2699 455 2787 fuisset,
473 2700 569 2796 quod
585 2700 659 2798 ipse
677 2708 729 2773 set
752 2701 935 2800 perspicue
951 2700 1133 2786 indicavit,

119 2839 283 2913 homines
321 2842 473 2914 veritatis
497 2842 636 2937 ignaros
663 2851 835 2939 tanquam
860 2842 966 2915 rudes
995 2866 1016 2913 a
1039 2842 1133 2940 priu-

120 2984 215 3082 cipio
245 2983 393 3064 formare
422 3009 466 3057 ne
492 2995 565 3058 toto
586 2984 722 3058 lumine
744 2985 880 3083 objecto
897 2984 1132 3081 caligarent¹).

162 3199 186 3264 ¹)
206 3204 402 3258 Huuneunos
422 3203 449 3256 in
470 3203 554 3258 Praef.
575 3221 683 3273 operum
708 3204 826 3258 omnium
846 3206 918 3259 Luet.
936 3223 958 3258 c.
970 3208 996 3258 2.
1015 3234 1053 3245 —-
1068 3205 1134 3272 „Ni-

120 3306 218 3361 mirum
247 3307 393 3362 dootrirram
427 3307 559 3378 religionis
594 3308 707 3363 activam
733 3308 751 3361 i.
764 3325 787 3363 e.
815 3309 963 3363 Practiccm
990 3308 1057 3363 libro
1082 3308 1132 3364 v1.

120 3411 246 3465 universo
273 3411 408 3476 tractavit,
437 3420 464 3466 et
482 3421 610 3483 tauquam
636 3413 662 3466 iu
689 3412 874 3483 compendium
892 3413 999 3483 redegit.
1039 3414 1132 3484 Neque

120 3515 355 3584 contemplativae,
375 3516 425 3580 i„e.
450 3518 612 3572 Theoreticae
630 3526 828 3600 purtempquee
843 3527 945 3588 spectat
955 3518 989 3572 ad
998 3518 1132 3572 Christum

121 3619 173 3698 Dei
193 3619 300 3684 Filium,
329 3621 465 3676 hominum
493 3624 640 3687 doctorem,
665 3632 823 3679 servatorem
843 3633 870 3678 et
884 3624 1000 3694 judicem
1018 3624 1074 3679 sine
1093 3624 1132 3678 di·

120 3723 232 3795 ligentia
258 3724 326 3779 libro
354 3727 403 3783 IV.
432 3735 459 3780 et
488 3728 564 3790 V11.;
594 3736 691 3782 ceteras
717 3730 862 3783 verudata
880 3730 1016 3784 occasione
1036 3730 1130 3799 possim

120 3830 260 3886 enarravit.
299 3832 450 3886 cernuntur
478 3831 505 3885 iu
534 3831 607 3886 libris
630 3831 686 3901 ejus
706 3834 790 3903 prima
818 3845 945 3905 tanquam
974 3834 1132 3888 lineamenta

120 3934 251 4005 corporis,
270 3936 342 4005 quod
363 3936 484 4004 deinceps
502 3935 547 3989 alii
566 3939 779 4008 compegerunt.”
799 3940 942 3993 spem:
967 3938 994 3992 in
1014 3939 1075 3993 diss.
1097 3940 1129 3992 de

120 4041 191 4093 Pret.
212 4040 275 4094 Inst.
287 4041 349 4095 Div.
363 4042 435 4096 Lact.
455 4050 515 4095 stat.
535 4059 595 4112 pag.
606 4042 643 4095 88
662 4041 690 4095 in
710 4045 771 4097 fine.
787 4044 829 4097 ed.
840 4043 966 4115 Lugduni
976 4044 1035 4098 But.
1049 4044 1129 4097 1826.

159 4140 183 4215 2)
202 4144 268 4200 lust.
287 4144 332 4201 lib.
352 4146 389 4201 V.
409 4163 466 4217 cap.
486 4152 502 4200 4
523 4147 564 4200 ed.
585 4149 655 4201 nun.
675 4164 737 4218 pag.
759 4148 822 4203 590.

974 4250 1010 4305 12
