2792 5150
631 451 677 520 99

137 659 267 744 rectio,
304 659 340 731 in
377 683 447 755 qua
481 658 726 733 excitabuntur·
763 659 885 756 injusti
913 659 957 730 ad
981 660 1154 732 cruciatus
1198 662 1201 669 ’

136 800 369 897 sempiternos
387 801 421 890 ¹),

190 941 374 1015 Praeterea
406 947 528 1023 auctor
561 940 605 1013 de
630 940 782 1014 Diabolo
806 940 891 1013 haec
917 950 1045 1013 monet.
1099 941 1155 1014 Se·

135 1079 299 1155 cundum
324 1079 400 1176 ejus
426 1078 627 1176 opinionem
651 1080 766 1165 Deus,
789 1089 974 1177 postquam
1005 1079 1154 1153 similem

136 1222 195 1295 sui
233 1221 405 1321 Spiritum
438 1222 677 1319 produxisset,
717 1222 840 1296 fecerit
864 1230 899 1294 at
922 1222 1091 1310 alterum,
1117 1223 1152 1296 in

138 1389 211 1460 quo
239 1363 375 1438 indoles
414 1362 552 1437 divinae
584 1364 702 1462 stirpis
728 1388 799 1437 non
830 1365 966 1438 mansit.
1019 1364 1085 1439 Ille
1110 1366 1154 1439 da

137 1505 234 1580 bono
264 1507 308 1580 ad
334 1505 467 1580 malum
489 1506 688 1593 descendit,
715 1531 850 1604 suoque
867 1506 1031 1594 arbitrio,
1056 1507 1154 1604 quod

137 1647 292 1722 liberum
313 1673 334 1721 a
357 1648 434 1722 Deo
457 1648 490 1722 ei
512 1647 635 1721 datum
664 1658 756 1734 erat,
783 1648 997 1721 contrarium
1022 1673 1150 1722 nomen

138 1789 207 1864 sibi
232 1789 387 1863 adscivit.
431 1789 528 1863 Hinc
554 1798 761 1863 cunctorum
786 1789 959 1862 malorum
990 1790 1068 1864 fons
1098 1801 1151 1865 est

138 1940 174 2004 et
213 1931 340 2005 invidit
377 1932 585 2007 antecessori
623 1956 707 2018 suo,
747 1931 810 2029 qui
846 1931 922 2004 Deo
959 1956 1059 2005 carus
1088 1942 1149 2005 est.

139 2072 292 2147 Huncca
317 2073 486 2172 Spiritum
509 2073 634 2147 Graeci
660 2069 857 2165 Διάβολον
875 2073 1069 2171 appeliant;
1089 2075 1151 2148 La·

137 2215 203 2289 tini
235 2240 317 2290 vero
351 2216 639 2303 criminatorem,
678 2216 775 2314 quod
805 2217 969 2303 crimina,
999 2217 1034 2289 in
1060 2243 1150 2315 quae

137 2357 210 2456 ipse
237 2357 357 2457 illicit,
383 2357 427 2430 ad
452 2358 571 2430 Deum
596 2357 739 2431 deferat.
772 2357 839 2431 Illa
864 2367 1041 2455 praeterea
1056 2360 1149 2458 prin-

137 2523 218 2598 ceps
244 2508 297 2572 est
326 2524 449 2573 eorum
478 2499 678 2597 geniorum,
709 2497 771 2599 qu'r
801 2525 822 2572 a
851 2500 927 2573 Deo
947 2500 1149 2576 defecerunt

138 2649 174 2714 et
210 2640 380 2714 sitiisse
420 2640 662 2738 tradiderunt.¹
704 2641 746 2713 In
789 2641 1033 2740 conjunctione
1066 2669 1148 2717 cum

137 2782 230 2856 hisce
264 2782 376 2879 geniis
407 2782 572 2880 Princeps
607 2781 667 2855 ille
704 2782 862 2855 homines
895 2808 916 2856 a
948 2783 1049 2857 cultu
1082 2784 1148 2858 Dei

138 2933 174 2997 at
197 2924 321 2997 notitia
345 2933 499 2999 avertere
525 2924 661 3012 studet,
689 2935 725 2998 et
747 2926 850 2998 variis
867 2926 1000 3000 artibus
1017 2927 1147 3015 utitur,

138 3075 178 3139 ut
206 3066 249 3138 iis
276 3077 408 3141 noceat.
460 3067 660 3164 Aliquando
690 3078 809 3141 autem
840 3093 921 3141 cum
946 3069 999 3141 his
1022 3070 1148 3168 spiriti·

135 3207 202 3282 bus
240 3208 342 3280 malis
380 3208 551 3282 scelerum
582 3233 728 3282 suorum
766 3234 899 3308 poenae
936 3210 968 3282 ei
996 3209 1147 3285 luendae

138 3357 237 3435 sunt,
264 3360 370 3447 atque
396 3351 432 3423 in
460 3359 648 3449 conspectu
670 3350 876 3448 angelorum
893 3351 1147 3450 hominumque

138 3489 326 3588 proborum
347 3492 383 3564 in
400 3502 542 3566 aeterno
559 3493 633 3590 igni
651 3492 864 3566 cremabitur
876 3494 911 3581 ⁸).

176 3686 197 3752 ¹)
217 3692 278 3745 niv.
299 3693 363 3746 lnst.
383 3692 428 3748 lib.
449 3694 498 3747 lV.
518 3711 576 3764 cap.
597 3695 647 3755 21;
667 3693 712 3747 lib.
735 3695 797 3749 vll.
817 3712 874 3764 cap.
895 3696 1014 3749 20-26.

174 3788 196 3861 ⁹)
216 3795 276 3849 Diu.
297 3795 362 3850 inst.
382 3795 427 3850 lib.
450 3797 497 3851 lv,
517 3814 575 3867 cap.
597 3800 624 3859 8,
646 3798 679 3860 9,
704 3800 750 3859 14,
772 3798 822 3859 17;
842 3797 887 3852 lib.
909 3799 970 3853 Vll.
991 3801 1145 3861 ulae.—

141 3899 186 3955 His
213 3900 336 3954 omnibus
364 3901 398 3955 de
422 3902 499 3956 rebus
523 3902 662 3956 videantur
681 3919 817 3958 sununs:
838 3903 899 3958 diss.
919 3904 952 3957 da
972 3904 1059 3958 Pretio
1078 3905 1143 3958 Inst.

140 4006 196 4060 Div.
214 4006 369 4069 statuendo,
387 4024 447 4077 pag,
468 4008 517 4070 69,
536 4015 562 4060 et
581 4023 798 4063 aoanwrrzan:
822 4008 970 4078 Patrologie
988 4009 1143 4063 verbunden

140 4110 183 4165 mit
201 4109 349 4172 Patristiak,
370 4109 422 4164 rol.
441 4112 462 4165 Ι.
483 4129 541 4183 pag.
562 4114 625 4166 253.
