2792 5150
735 484 780 551 20

254 694 354 792 ponit
377 692 626 790 expositionem
651 690 829 764 doctrinae
854 689 1068 785 dogmaticae
1094 699 1128 760 et
1154 712 1266 760 moro·

254 836 298 909 lis
325 835 518 931 Religionis
544 833 768 906 Christianae.

305 975 409 1049 Liber
441 976 458 1047 I
496 979 537 1048 de
573 976 682 1047 Falsa
720 975 896 1071 Relrpt'ooc
933 980 1068 1044 tractat.
1119 972 1160 1043 In
1197 971 1264 1045 hoc

256 1142 366 1214 aeque
387 1142 426 1189 ac
447 1116 484 1188 in
509 1117 668 1213 sequenti
692 1115 783 1188 libro
800 1113 984 1187 scribendo
997 1113 1168 1229 Lactantii
1181 1137 1263 1185 con·

256 1259 377 1331 silium
403 1268 475 1331 erat
500 1283 670 1356 exponere
688 1258 874 1330 falsitatem
899 1255 1127 1352 Religionum
1144 1255 1264 1328 Ethai-

256 1427 388 1474 corum.
419 1401 594 1491 Quoniam
607 1412 743 1474 certum
760 1399 977 1472 estdivinam
990 1423 1065 1471 esse
1077 1399 1263 1473 Providen-

257 1544 357 1631 tiam,
383 1544 428 1616 ah
450 1543 614 1615 omnihus
638 1543 724 1630 fere,
751 1550 886 1640 praeter
911 1540 1048 1613 scholae
1073 1542 1264 1639 Epicureae

257 1685 420 1772 asseclas,
448 1685 661 1784 philosophis
694 1685 861 1757 unanime
898 1708 1115 1770 concessam,
1142 1685 1265 1781 incipit

257 1836 376 1899 auctor
408 1852 429 1898 a
461 1826 684 1925 quaestione:
739 1824 867 1897 Utrum
897 1826 994 1896 Deus
1022 1850 1115 1897 unus
1144 1827 1263 1899 sitan

257 1967 402 2067 plures?
435 1969 553 2041 Deum
570 1992 682 2041 unum
709 1993 781 2041 esse
806 1966 920 2065 primo
945 1967 1022 2042 loco
1039 1969 1264 2066 comprobare

259 2113 377 2186 studet
400 2112 556 2184 eDivini
577 2111 741 2184 Numinis
763 2112 972 2215 perfectione
989 2113 1011 2202 ¹)
1022 2148 1031 2198 3
1058 2113 1154 2210 quod
1169 2112 1264 2185 idem

258 2278 341 2326 cum
366 2279 408 2325 ex
433 2253 570 2326 Veteris
598 2253 762 2326 Foederis
779 2253 973 2351 prophetis,
999 2262 1078 2326 tum
1096 2279 1136 2326 ex
1162 2254 1263 2326 dictis

259 2397 464 2480 Poetarum,
491 2396 781 2493 Philosophorum
807 2406 841 2467 et
865 2395 1080 2491 Sibyllarum
1104 2420 1263 2494 compro-

260 2538 330 2611 bat.
382 2538 557 2625 Tandem,
584 2546 711 2612 asserta
734 2537 802 2611 Dei
827 2537 980 2625 unitate,
1014 2537 1263 2636 mythologiam

260 2682 504 2769 Ethnieorum,
530 2683 598 2755 sibi
613 2707 740 2781 parum
756 2691 988 2767 constantem,
1009 2681 1175 2779 explicat,
1202 2690 1264 2753 sta·

261 2826 411 2912 tuendo,
438 2851 515 2913 eos,
541 2826 605 2923 qui
629 2825 788 2898 Deorum
812 2824 956 2921 quidem
982 2825 1090 2921 gavisi
1114 2825 1184 2897 sint
1208 2825 1264 2897 ho

260 2991 364 3053 nore,
391 2966 617 3040 nihilominus
652 2965 816 3040 mortales
850 2965 955 3042 luisse
988 2991 1027 3038 ac
1046 2965 1264 3064 'plerumque

259 3109 417 3182 homines
443 3108 643 3195 sceleratae,
662 3133 813 3205 quorum
839 3109 1006 3182 memoria
1029 3117 1108 3207 post
1129 3109 1264 3181 obitum

259 3261 456 3325 consecrata
481 3261 579 3326 esset.

262 3402 474 3410 ..-φα-..-Μ

299 3482 320 3546 ¹)
341 3486 445 3553 „Danu
465 3483 511 3555 qui
530 3492 570 3537 est
589 3492 695 3536 aeterna
714 3502 799 3546 mens,
819 3502 850 3538 ex
861 3484 932 3537 omni
943 3485 1033 3556 utique
1049 3494 1122 3555 parte
1138 3485 1265 3556 perfectae

258 3598 504 3658 consummataeque
525 3588 629 3642 virtutis
655 3598 703 3641 est.
742 3590 823 3648 Quod
849 3588 870 3641 si
889 3606 979 3642 verum
999 3589 1045 3651 sit,
1067 3607 1136 3643 unus
1155 3591 1201 3653 sit,
1221 3609 1266 3644 ue·

259 3713 327 3750 cesse
347 3702 394 3748 est.
433 3695 551 3746 Potestas
578 3693 647 3746 enim
676 3693 717 3746 vel
745 3693 828 3747 virtus
847 3693 978 3755 absoluta,
999 3694 1094 3748 retinet
1112 3712 1265 3765 suam·pro·

259 3800 341 3871 priam
365 3799 521 3853 firmitatem.
560 3797 590 3850 ld
611 3809 699 3850 autem
719 3787 831 3850 s'olidum
851 3798 1051 3851 existimandum
1071 3809 1124 3861 est,
1140 3799 1183 3852 cui
1202 3798 1267 3852 nihil

259 3906 395 3968 decedere;
416 3905 441 3957 id
463 3904 606 3975 perlectum
625 3904 666 3958 cui
685 3904 750 3957 nihil
770 3904 853 3974 possit
871 3905 1015 3958 accedere”.
1046 3905 1107 3959 Div.
1128 3906 1191 3959 lost.
1209 3905 1226 3960 l,
1241 3906 1264 3959 l.

258 4030 280 4065 c.
301 4014 327 4064 3.
366 4012 451 4077 „Nam
482 4010 502 4061 si
531 4011 601 4062 Deus
620 4019 660 4062 est
679 4027 795 4062 summae
818 4009 966 4078 potestatis,
989 4008 1192 4079 incorruptibilis
1211 4028 1265 4064 esse

258 4116 336 4170 debet
355 4115 497 4186 perlectus,
517 4113 692 4184 impassibilis,
714 4113 779 4166 nulli
799 4115 835 4168 rei
851 4115 1007 4183 subjectus”.
1045 4113 1113 4169 lbid.
