<?xml version="1.0" encoding="UTF-8"?>
<!DOCTYPE html PUBLIC "-//W3C//DTD XHTML 1.0 Transitional//EN"
    "http://www.w3.org/TR/xhtml1/DTD/xhtml1-transitional.dtd">
<html xmlns="http://www.w3.org/1999/xhtml" xml:lang="en" lang="en">
 <head>
  <title>
</title>
<meta http-equiv="Content-Type" content="text/html;charset=utf-8" />
  <meta name='ocr-system' content='tesseract 3.04.00' />
  <meta name='ocr-capabilities' content='ocr_page ocr_carea ocr_par ocr_line ocrx_word'/>
</head>
<body>
  <div class='ocr_page' id='page_1' title='image "./specimenhistori00kotzgoog_0074.png"; bbox 0 0 2792 5150; ppageno 0'>
   <div class='ocr_carea' id='block_1_1' title="bbox 731 517 776 586">
    <p class='ocr_par' dir='ltr' id='par_1_1' title="bbox 731 517 776 586">
     <span class='ocr_line' id='line_1_1' title="bbox 731 517 776 586; baseline 0 0"><span class='ocrx_word' id='word_1_1' title='bbox 731 517 776 586; x_wconf 85' lang='lat'><strong>50</strong></span> 
     </span>
    </p>
   </div>
   <div class='ocr_carea' id='block_1_2' title="bbox 234 722 1256 2526">
    <p class='ocr_par' dir='ltr' id='par_1_2' title="bbox 234 722 1256 2526">
     <span class='ocr_line' id='line_1_2' title="bbox 295 722 1256 822; baseline 0 -25"><span class='ocrx_word' id='word_1_2' title='bbox 295 724 435 822; x_wconf 85' lang='lat' dir='ltr'><strong>ltaque,</strong></span> <span class='ocrx_word' id='word_1_3' title='bbox 469 723 601 798; x_wconf 89' lang='lat' dir='ltr'><strong>ratione</strong></span> <span class='ocrx_word' id='word_1_4' title='bbox 629 722 749 797; x_wconf 89' lang='lat' dir='ltr'><strong>habita</strong></span> <span class='ocrx_word' id='word_1_5' title='bbox 776 724 883 821; x_wconf 89' lang='lat' dir='ltr'><strong>hujus</strong></span> <span class='ocrx_word' id='word_1_6' title='bbox 912 725 981 812; x_wconf 91' lang='lat' dir='ltr'><strong>rei,</strong></span> <span class='ocrx_word' id='word_1_7' title='bbox 1016 727 1065 800; x_wconf 91' lang='lat' dir='ltr'><strong>du</strong></span> <span class='ocrx_word' id='word_1_8' title='bbox 1099 728 1256 822; x_wconf 84' lang='lat' dir='ltr'><strong>Fresnoy</strong></span> 
     </span>
     <span class='ocr_line' id='line_1_3' title="bbox 244 865 1250 967; baseline 0.003 -29"><span class='ocrx_word' id='word_1_9' title='bbox 244 866 281 938; x_wconf 88' lang='lat' dir='ltr'><strong>in</strong></span> <span class='ocrx_word' id='word_1_10' title='bbox 316 891 378 939; x_wconf 92' lang='lat' dir='ltr'><strong>sua</strong></span> <span class='ocrx_word' id='word_1_11' title='bbox 410 865 622 967; x_wconf 82' lang='lat' dir='ltr'><strong>praefatione</strong></span> <span class='ocrx_word' id='word_1_12' title='bbox 651 891 722 939; x_wconf 91' lang='lat' dir='ltr'><strong>non</strong></span> <span class='ocrx_word' id='word_1_13' title='bbox 762 866 934 941; x_wconf 90' lang='lat' dir='ltr'><strong>dubitavit</strong></span> <span class='ocrx_word' id='word_1_14' title='bbox 959 869 1095 941; x_wconf 84' lang='lat' dir='ltr'><strong>testari:</strong></span> <span class='ocrx_word' id='word_1_15' title='bbox 1136 893 1250 967; x_wconf 87' lang='lat' dir='ltr'><strong>„pro-</strong></span> 
     </span>
     <span class='ocr_line' id='line_1_4' title="bbox 243 1007 1253 1109; baseline 0.003 -29"><span class='ocrx_word' id='word_1_16' title='bbox 243 1007 301 1080; x_wconf 90' lang='lat' dir='ltr'><strong>cul</strong></span> <span class='ocrx_word' id='word_1_17' title='bbox 327 1008 436 1081; x_wconf 92' lang='lat' dir='ltr'><strong>dubio</strong></span> <span class='ocrx_word' id='word_1_18' title='bbox 461 1008 514 1081; x_wconf 88' lang='lat' dir='ltr'><strong>vir</strong></span> <span class='ocrx_word' id='word_1_19' title='bbox 539 1008 608 1081; x_wconf 89' lang='lat' dir='ltr'><strong>fuit</strong></span> <span class='ocrx_word' id='word_1_20' title='bbox 631 1008 820 1106; x_wconf 90' lang='lat' dir='ltr'><strong>primarius</strong></span> <span class='ocrx_word' id='word_1_21' title='bbox 841 1009 878 1080; x_wconf 90' lang='lat' dir='ltr'><strong>in</strong></span> <span class='ocrx_word' id='word_1_22' title='bbox 901 1034 939 1081; x_wconf 87' lang='lat' dir='ltr'><strong>re</strong></span> <span class='ocrx_word' id='word_1_23' title='bbox 959 1009 1142 1096; x_wconf 87' lang='lat' dir='ltr'><strong>litteraria,</strong></span> <span class='ocrx_word' id='word_1_24' title='bbox 1168 1033 1253 1109; x_wconf 93' lang='lat' dir='ltr'><strong>pro-</strong></span> 
     </span>
     <span class='ocr_line' id='line_1_5' title="bbox 242 1149 1252 1247; baseline 0.003 -25"><span class='ocrx_word' id='word_1_25' title='bbox 242 1158 319 1247; x_wconf 91' lang='lat' dir='ltr'><strong>pter</strong></span> <span class='ocrx_word' id='word_1_26' title='bbox 348 1151 479 1224; x_wconf 88' lang='lat' dir='ltr'><strong>variam</strong></span> <span class='ocrx_word' id='word_1_27' title='bbox 499 1150 574 1247; x_wconf 90' lang='lat' dir='ltr'><strong>ejus</strong></span> <span class='ocrx_word' id='word_1_28' title='bbox 597 1149 833 1224; x_wconf 89' lang='lat' dir='ltr'><strong>eruditionem</strong></span> <span class='ocrx_word' id='word_1_29' title='bbox 863 1150 1005 1247; x_wconf 83' lang='lat' dir='ltr'>dignam</span> <span class='ocrx_word' id='word_1_30' title='bbox 1029 1151 1169 1224; x_wconf 91' lang='lat' dir='ltr'><strong>homine</strong></span> <span class='ocrx_word' id='word_1_31' title='bbox 1194 1152 1252 1225; x_wconf 91' lang='lat' dir='ltr'><strong>lit·</strong></span> 
     </span>
     <span class='ocr_line' id='line_1_6' title="bbox 241 1290 1249 1388; baseline 0.003 -24"><span class='ocrx_word' id='word_1_32' title='bbox 241 1291 375 1364; x_wconf 88' lang='lat' dir='ltr'><strong>terato&#39;&#39;</strong></span> <span class='ocrx_word' id='word_1_33' title='bbox 387 1293 421 1382; x_wconf 87' lang='lat'><strong>¹).</strong></span> <span class='ocrx_word' id='word_1_34' title='bbox 450 1291 609 1365; x_wconf 82' lang='lat' dir='ltr'>Eandem</span> <span class='ocrx_word' id='word_1_35' title='bbox 630 1290 775 1388; x_wconf 89' lang='lat' dir='ltr'><strong>quidem</strong></span> <span class='ocrx_word' id='word_1_36' title='bbox 797 1291 843 1364; x_wconf 92' lang='lat' dir='ltr'><strong>ob</strong></span> <span class='ocrx_word' id='word_1_37' title='bbox 860 1317 1018 1365; x_wconf 80' lang='lat' dir='ltr'><strong>caussam</strong></span> <span class='ocrx_word' id='word_1_38' title='bbox 1034 1292 1112 1365; x_wconf 85' lang='lat' dir='ltr'><strong>Joh.</strong></span> <span class='ocrx_word' id='word_1_39' title='bbox 1128 1293 1249 1367; x_wconf 83' lang='lat' dir='ltr'><strong>Franc.</strong></span> 
     </span>
     <span class='ocr_line' id='line_1_7' title="bbox 240 1431 1249 1518; baseline 0.001 -13"><span class='ocrx_word' id='word_1_40' title='bbox 240 1432 343 1505; x_wconf 85' lang='lat' dir='ltr'><strong>Picus</strong></span> <span class='ocrx_word' id='word_1_41' title='bbox 369 1431 655 1518; x_wconf 88' lang='lat' dir='ltr'><strong>Mirandulanus,</strong></span> <span class='ocrx_word' id='word_1_42' title='bbox 681 1432 828 1505; x_wconf 89' lang='lat' dir='ltr'><strong>simulac</strong></span> <span class='ocrx_word' id='word_1_43' title='bbox 854 1432 992 1506; x_wconf 78' lang='lat' dir='ltr'><strong>litterae</strong></span> <span class='ocrx_word' id='word_1_44' title='bbox 1017 1433 1149 1507; x_wconf 86' lang='lat' dir='ltr'><strong>renasci</strong></span> <span class='ocrx_word' id='word_1_45' title='bbox 1173 1458 1249 1506; x_wconf 91' lang='lat' dir='ltr'><strong>coe-</strong></span> 
     </span>
     <span class='ocr_line' id='line_1_8' title="bbox 239 1574 1249 1674; baseline -0.001 -26"><span class='ocrx_word' id='word_1_46' title='bbox 239 1584 384 1674; x_wconf 91' lang='lat' dir='ltr'><strong>perunt,</strong></span> <span class='ocrx_word' id='word_1_47' title='bbox 432 1574 496 1647; x_wconf 92' lang='lat' dir='ltr'><strong>ubi</strong></span> <span class='ocrx_word' id='word_1_48' title='bbox 535 1574 663 1647; x_wconf 93' lang='lat' dir='ltr'><strong>horum</strong></span> <span class='ocrx_word' id='word_1_49' title='bbox 704 1574 913 1674; x_wconf 85' lang='lat' dir='ltr'><strong>scriptorum</strong></span> <span class='ocrx_word' id='word_1_50' title='bbox 950 1586 1128 1649; x_wconf 83' lang='lat' dir='ltr'><strong>auctorem</strong></span> <span class='ocrx_word' id='word_1_51' title='bbox 1165 1600 1249 1648; x_wconf 92' lang='lat' dir='ltr'><strong>cum</strong></span> 
     </span>
     <span class='ocr_line' id='line_1_9' title="bbox 240 1716 1249 1815; baseline -0.002 -25"><span class='ocrx_word' id='word_1_52' title='bbox 240 1716 406 1790; x_wconf 85' lang='lat' dir='ltr'><strong>Cicerone</strong></span> <span class='ocrx_word' id='word_1_53' title='bbox 431 1725 626 1814; x_wconf 90' lang='lat' dir='ltr'><strong>comparat,</strong></span> <span class='ocrx_word' id='word_1_54' title='bbox 657 1740 732 1789; x_wconf 65' lang='lat' dir='ltr'><strong>non.</strong></span> <span class='ocrx_word' id='word_1_55' title='bbox 754 1716 935 1790; x_wconf 84' lang='lat' dir='ltr'><strong>haesitavit</strong></span> <span class='ocrx_word' id='word_1_56' title='bbox 955 1742 1037 1789; x_wconf 91' lang='lat' dir='ltr'><strong>eum</strong></span> <span class='ocrx_word' id='word_1_57' title='bbox 1053 1741 1249 1815; x_wconf 87' lang='lat' dir='ltr'><strong>proponere</strong></span> 
     </span>
     <span class='ocr_line' id='line_1_10' title="bbox 238 1857 1247 1957; baseline -0.001 -26"><span class='ocrx_word' id='word_1_58' title='bbox 238 1866 419 1957; x_wconf 82' lang='lat' dir='ltr'><strong>tamquam</strong></span> <span class='ocrx_word' id='word_1_59' title='bbox 452 1857 558 1931; x_wconf 85' lang='lat' dir='ltr'><strong>rebus</strong></span> <span class='ocrx_word' id='word_1_60' title='bbox 588 1868 623 1932; x_wconf 90' lang='lat' dir='ltr'><strong>ct</strong></span> <span class='ocrx_word' id='word_1_61' title='bbox 650 1859 831 1932; x_wconf 89' lang='lat' dir='ltr'><strong>sententiis</strong></span> <span class='ocrx_word' id='word_1_62' title='bbox 856 1858 1067 1932; x_wconf 86' lang='lat' dir='ltr'><strong>crebriorem</strong></span> <span class='ocrx_word' id='word_1_63' title='bbox 1077 1859 1113 1949; x_wconf 88' lang='lat'><strong>¹).</strong></span> <span class='ocrx_word' id='word_1_64' title='bbox 1165 1858 1247 1931; x_wconf 89' lang='lat' dir='ltr'><strong>Non</strong></span> 
     </span>
     <span class='ocr_line' id='line_1_11' title="bbox 237 2000 1247 2100; baseline 0 -26"><span class='ocrx_word' id='word_1_65' title='bbox 237 2000 336 2074; x_wconf 88' lang='lat' dir='ltr'><strong>aliter</strong></span> <span class='ocrx_word' id='word_1_66' title='bbox 377 2000 518 2074; x_wconf 83' lang='lat' dir='ltr'><strong>Coelius</strong></span> <span class='ocrx_word' id='word_1_67' title='bbox 560 2001 788 2098; x_wconf 84' lang='lat' dir='ltr'><strong>Rhodigenus</strong></span> <span class='ocrx_word' id='word_1_68' title='bbox 830 2001 992 2100; x_wconf 90' lang='lat' dir='ltr'><strong>opinatus</strong></span> <span class='ocrx_word' id='word_1_69' title='bbox 1034 2011 1105 2088; x_wconf 90' lang='lat' dir='ltr'><strong>est,</strong></span> <span class='ocrx_word' id='word_1_70' title='bbox 1145 2001 1247 2099; x_wconf 89' lang='lat' dir='ltr'><strong>cujus</strong></span> 
     </span>
     <span class='ocr_line' id='line_1_12' title="bbox 237 2143 1248 2250; baseline -0.001 -33"><span class='ocrx_word' id='word_1_71' title='bbox 237 2143 478 2219; x_wconf 84' lang='lat' dir='ltr'><strong>testimonium</strong></span> <span class='ocrx_word' id='word_1_72' title='bbox 503 2143 566 2216; x_wconf 90' lang='lat' dir='ltr'><strong>hac</strong></span> <span class='ocrx_word' id='word_1_73' title='bbox 592 2143 636 2216; x_wconf 93' lang='lat' dir='ltr'><strong>de</strong></span> <span class='ocrx_word' id='word_1_74' title='bbox 661 2168 698 2216; x_wconf 90' lang='lat' dir='ltr'><strong>re</strong></span> <span class='ocrx_word' id='word_1_75' title='bbox 722 2144 792 2216; x_wconf 92' lang='lat' dir='ltr'><strong>huc</strong></span> <span class='ocrx_word' id='word_1_76' title='bbox 818 2143 927 2217; x_wconf 87' lang='lat' dir='ltr'><strong>redit:</strong></span> <span class='ocrx_word' id='word_1_77' title='bbox 955 2168 1037 2217; x_wconf 89' lang='lat' dir='ltr'><strong>eum</strong></span> <span class='ocrx_word' id='word_1_78' title='bbox 1063 2168 1187 2250; x_wconf 85' lang='lat' dir='ltr'><strong>nempe</strong></span> <span class='ocrx_word' id='word_1_79' title='bbox 1210 2153 1248 2216; x_wconf 90' lang='lat' dir='ltr'><strong>et</strong></span> 
     </span>
     <span class='ocr_line' id='line_1_13' title="bbox 235 2284 1243 2385; baseline 0.001 -27"><span class='ocrx_word' id='word_1_80' title='bbox 235 2285 428 2384; x_wconf 85' lang='lat' dir='ltr'><strong>prudenter</strong></span> <span class='ocrx_word' id='word_1_81' title='bbox 453 2294 488 2357; x_wconf 91' lang='lat' dir='ltr'><strong>et</strong></span> <span class='ocrx_word' id='word_1_82' title='bbox 514 2284 616 2358; x_wconf 89' lang='lat' dir='ltr'><strong>docte</strong></span> <span class='ocrx_word' id='word_1_83' title='bbox 641 2309 712 2358; x_wconf 91' lang='lat' dir='ltr'><strong>non</strong></span> <span class='ocrx_word' id='word_1_84' title='bbox 737 2310 862 2383; x_wconf 91' lang='lat' dir='ltr'><strong>parum</strong></span> <span class='ocrx_word' id='word_1_85' title='bbox 890 2284 1002 2358; x_wconf 91' lang='lat' dir='ltr'><strong>multa</strong></span> <span class='ocrx_word' id='word_1_86' title='bbox 1022 2285 1195 2385; x_wconf 84' lang='lat' dir='ltr'><strong>scripsisse</strong></span> <span class='ocrx_word' id='word_1_87' title='bbox 1208 2285 1243 2376; x_wconf 82' lang='lat'><strong>’).</strong></span> 
     </span>
     <span class='ocr_line' id='line_1_14' title="bbox 234 2428 1245 2526; baseline -0.001 -24"><span class='ocrx_word' id='word_1_88' title='bbox 234 2429 350 2520; x_wconf 87' lang='lat' dir='ltr'><strong>Quam</strong></span> <span class='ocrx_word' id='word_1_89' title='bbox 387 2428 433 2500; x_wconf 93' lang='lat' dir='ltr'><strong>ob</strong></span> <span class='ocrx_word' id='word_1_90' title='bbox 471 2452 628 2501; x_wconf 85' lang='lat' dir='ltr'><strong>caussam</strong></span> <span class='ocrx_word' id='word_1_91' title='bbox 668 2453 764 2515; x_wconf 91' lang='lat' dir='ltr'><strong>„non</strong></span> <span class='ocrx_word' id='word_1_92' title='bbox 791 2453 833 2500; x_wconf 83' lang='lat' dir='ltr'><strong>ex</strong></span> <span class='ocrx_word' id='word_1_93' title='bbox 862 2453 899 2501; x_wconf 88' lang='lat' dir='ltr'><strong>re</strong></span> <span class='ocrx_word' id='word_1_94' title='bbox 924 2429 1125 2526; x_wconf 89' lang='lat' dir='ltr'><strong>putavimus</strong></span> <span class='ocrx_word' id='word_1_95' title='bbox 1150 2429 1245 2501; x_wconf 88' lang='lat' dir='ltr'><strong>ultra</strong></span> 
     </span>
    </p>
   </div>
   <div class='ocr_carea' id='block_1_3' title="bbox 233 2571 1243 2672">
    <p class='ocr_par' dir='ltr' id='par_1_3' title="bbox 233 2571 1243 2672">
     <span class='ocr_line' id='line_1_15' title="bbox 233 2571 1243 2672; baseline -0.001 -26"><span class='ocrx_word' id='word_1_96' title='bbox 233 2572 420 2672; x_wconf 83' lang='lat' dir='ltr'><strong>progredi3</strong></span> <span class='ocrx_word' id='word_1_97' title='bbox 448 2581 500 2647; x_wconf 86' lang='lat' dir='ltr'><strong>sat</strong></span> <span class='ocrx_word' id='word_1_98' title='bbox 526 2581 577 2646; x_wconf 89' lang='lat' dir='ltr'><strong>cst</strong></span> <span class='ocrx_word' id='word_1_99' title='bbox 603 2571 780 2645; x_wconf 88' lang='lat' dir='ltr'><strong>monuisse</strong></span> <span class='ocrx_word' id='word_1_100' title='bbox 806 2571 983 2645; x_wconf 89' lang='lat' dir='ltr'><strong>neminem</strong></span> <span class='ocrx_word' id='word_1_101' title='bbox 1003 2571 1094 2646; x_wconf 87' lang='lat' dir='ltr'><strong>inter</strong></span> <span class='ocrx_word' id='word_1_102' title='bbox 1111 2581 1243 2645; x_wconf 86' lang='lat' dir='ltr'><strong>nostro</strong></span> 
     </span>
    </p>
   </div>
   <div class='ocr_carea' id='block_1_4' title="bbox 226 2781 1241 4239">
    <p class='ocr_par' dir='ltr' id='par_1_4' title="bbox 228 2781 1241 3505">
     <span class='ocr_line' id='line_1_16' title="bbox 232 2781 1241 2874; baseline -0.001 -17"><span class='ocrx_word' id='word_1_103' title='bbox 232 2803 264 2857; x_wconf 88' lang='lat' dir='ltr'><strong>dc</strong></span> <span class='ocrx_word' id='word_1_104' title='bbox 283 2821 317 2857; x_wconf 89' lang='lat' dir='ltr'><strong>en</strong></span> <span class='ocrx_word' id='word_1_105' title='bbox 345 2800 564 2874; x_wconf 62' lang='lat' dir='ltr'><strong>buyten-studi&#39;e‘n</strong></span> <span class='ocrx_word' id='word_1_106' title='bbox 593 2800 669 2864; x_wconf 79' lang='lat' dir='ltr'><strong>(daur</strong></span> <span class='ocrx_word' id='word_1_107' title='bbox 697 2781 734 2871; x_wconf 83' lang='lat' dir='ltr'><strong>bij</strong></span> <span class='ocrx_word' id='word_1_108' title='bbox 755 2801 809 2854; x_wconf 86' lang='lat' dir='ltr'><strong>sich</strong></span> <span class='ocrx_word' id='word_1_109' title='bbox 828 2810 909 2856; x_wconf 83' lang='lat' dir='ltr'><strong>meeat</strong></span> <span class='ocrx_word' id='word_1_110' title='bbox 928 2820 964 2872; x_wconf 90' lang='lat' dir='ltr'><strong>op</strong></span> <span class='ocrx_word' id='word_1_111' title='bbox 982 2802 1075 2874; x_wconf 82' lang='lat' dir='ltr'><strong>geleyd</strong></span> <span class='ocrx_word' id='word_1_112' title='bbox 1094 2801 1173 2865; x_wconf 80' lang='lat' dir='ltr'><strong>had).</strong></span> <span class='ocrx_word' id='word_1_113' title='bbox 1194 2804 1241 2857; x_wconf 86' lang='lat' dir='ltr'><strong>dat</strong></span> 
     </span>
     <span class='ocr_line' id='line_1_17' title="bbox 230 2888 1240 2980; baseline 0 -18"><span class='ocrx_word' id='word_1_114' title='bbox 230 2908 356 2979; x_wconf 80' lang='lat' dir='ltr'><strong>mogelijk</strong></span> <span class='ocrx_word' id='word_1_115' title='bbox 380 2907 503 2961; x_wconf 89' lang='lat' dir='ltr'><strong>niemand</strong></span> <span class='ocrx_word' id='word_1_116' title='bbox 526 2923 577 2960; x_wconf 88' lang='lat' dir='ltr'><strong>van</strong></span> <span class='ocrx_word' id='word_1_117' title='bbox 603 2905 636 2959; x_wconf 93' lang='lat' dir='ltr'><strong>de</strong></span> <span class='ocrx_word' id='word_1_118' title='bbox 661 2904 797 2973; x_wconf 86' lang='lat' dir='ltr'><strong>latijnsche</strong></span> <span class='ocrx_word' id='word_1_119' title='bbox 816 2906 951 2975; x_wconf 85' lang='lat' dir='ltr'><strong>schrijvers</strong></span> <span class='ocrx_word' id='word_1_120' title='bbox 969 2907 1029 2960; x_wconf 88' lang='lat' dir='ltr'><strong>hem</strong></span> <span class='ocrx_word' id='word_1_121' title='bbox 1047 2908 1127 2980; x_wconf 83' lang='lat' dir='ltr'><strong>gelijk</strong></span> <span class='ocrx_word' id='word_1_122' title='bbox 1146 2888 1240 2972; x_wconf 82' lang='lat' dir='ltr'><strong>stand,</strong></span> 
     </span>
     <span class='ocr_line' id='line_1_18' title="bbox 229 3009 1239 3085; baseline -0.001 -18"><span class='ocrx_word' id='word_1_123' title='bbox 229 3030 263 3068; x_wconf 88' lang='lat' dir='ltr'><strong>en</strong></span> <span class='ocrx_word' id='word_1_124' title='bbox 281 3012 317 3084; x_wconf 88' lang='lat' dir='ltr'><strong>bij</strong></span> <span class='ocrx_word' id='word_1_125' title='bbox 337 3012 370 3066; x_wconf 91' lang='lat' dir='ltr'><strong>de</strong></span> <span class='ocrx_word' id='word_1_126' title='bbox 389 3012 534 3083; x_wconf 88' lang='lat' dir='ltr'><strong>Heydenen</strong></span> <span class='ocrx_word' id='word_1_127' title='bbox 553 3018 608 3065; x_wconf 87' lang='lat' dir='ltr'><strong>met</strong></span> <span class='ocrx_word' id='word_1_128' title='bbox 625 3009 681 3063; x_wconf 88' lang='lat' dir='ltr'><strong>bun</strong></span> <span class='ocrx_word' id='word_1_129' title='bbox 707 3009 790 3081; x_wconf 81' lang='lat' dir='ltr'><strong>eygen</strong></span> <span class='ocrx_word' id='word_1_130' title='bbox 816 3028 940 3081; x_wconf 85' lang='lat' dir='ltr'><strong>wapenen</strong></span> <span class='ocrx_word' id='word_1_131' title='bbox 960 3030 990 3065; x_wconf 82' lang='lat' dir='ltr'><strong>so</strong></span> <span class='ocrx_word' id='word_1_132' title='bbox 1007 3011 1132 3085; x_wconf 81' lang='lat' dir='ltr'><strong>gelukkig</strong></span> <span class='ocrx_word' id='word_1_133' title='bbox 1150 3014 1239 3068; x_wconf 88' lang='lat' dir='ltr'><strong>kunde</strong></span> 
     </span>
     <span class='ocr_line' id='line_1_19' title="bbox 229 3096 1237 3190; baseline -0.002 -17"><span class='ocrx_word' id='word_1_134' title='bbox 229 3096 335 3173; x_wconf 35' lang='lat' dir='ltr'><strong>te&#39;keer</strong></span> <span class='ocrx_word' id='word_1_135' title='bbox 353 3135 435 3190; x_wconf 79' lang='lat' dir='ltr'><strong>gean,</strong></span> <span class='ocrx_word' id='word_1_136' title='bbox 460 3118 507 3171; x_wconf 86' lang='lat' dir='ltr'><strong>dat</strong></span> <span class='ocrx_word' id='word_1_137' title='bbox 530 3117 580 3188; x_wconf 85' lang='lat' dir='ltr'><strong>hij,</strong></span> <span class='ocrx_word' id='word_1_138' title='bbox 609 3133 673 3170; x_wconf 88' lang='lat' dir='ltr'><strong>naar</strong></span> <span class='ocrx_word' id='word_1_139' title='bbox 702 3116 747 3169; x_wconf 87' lang='lat' dir='ltr'><strong>het</strong></span> <span class='ocrx_word' id='word_1_140' title='bbox 772 3134 868 3189; x_wconf 83' lang='lat' dir='ltr'><strong>zeggen</strong></span> <span class='ocrx_word' id='word_1_141' title='bbox 889 3135 940 3171; x_wconf 88' lang='lat' dir='ltr'><strong>van</strong></span> <span class='ocrx_word' id='word_1_142' title='bbox 959 3118 1010 3171; x_wconf 88' lang='lat' dir='ltr'><strong>den</strong></span> <span class='ocrx_word' id='word_1_143' title='bbox 1032 3119 1067 3172; x_wconf 90' lang='lat' dir='ltr'><strong>H.</strong></span> <span class='ocrx_word' id='word_1_144' title='bbox 1087 3135 1237 3173; x_wconf 74' lang='lat' dir='ltr'><strong>rrrnaonr·</strong></span> 
     </span>
     <span class='ocr_line' id='line_1_20' title="bbox 230 3220 1237 3293; baseline 0 -16"><span class='ocrx_word' id='word_1_145' title='bbox 230 3239 301 3285; x_wconf 76' lang='lat' dir='ltr'><strong>uua,</strong></span> <span class='ocrx_word' id='word_1_146' title='bbox 330 3221 420 3276; x_wconf 90' lang='lat' dir='ltr'><strong>bunne</strong></span> <span class='ocrx_word' id='word_1_147' title='bbox 448 3221 585 3291; x_wconf 81' lang='lat' dir='ltr'><strong>stellingen</strong></span> <span class='ocrx_word' id='word_1_148' title='bbox 613 3220 755 3291; x_wconf 89' lang='lat' dir='ltr'><strong>bequamer</strong></span> <span class='ocrx_word' id='word_1_149' title='bbox 780 3221 870 3275; x_wconf 84' lang='lat' dir='ltr'><strong>kunde</strong></span> <span class='ocrx_word' id='word_1_150' title='bbox 889 3239 1094 3292; x_wconf 84' lang='lat' dir='ltr'><strong>omverwerpeo,</strong></span> <span class='ocrx_word' id='word_1_151' title='bbox 1113 3222 1152 3276; x_wconf 89' lang='lat' dir='ltr'><strong>ala</strong></span> <span class='ocrx_word' id='word_1_152' title='bbox 1170 3223 1237 3293; x_wconf 85' lang='lat' dir='ltr'><strong>sijne</strong></span> 
     </span>
     <span class='ocr_line' id='line_1_21' title="bbox 229 3323 1237 3398; baseline 0 -17"><span class='ocrx_word' id='word_1_153' title='bbox 229 3343 326 3398; x_wconf 79' lang='lat' dir='ltr'><strong>eygene</strong></span> <span class='ocrx_word' id='word_1_154' title='bbox 345 3335 403 3381; x_wconf 88' lang='lat' dir='ltr'><strong>vast</strong></span> <span class='ocrx_word' id='word_1_155' title='bbox 421 3323 513 3381; x_wconf 86' lang='lat' dir='ltr'><strong>stellen</strong></span> <span class='ocrx_word' id='word_1_156' title='bbox 532 3344 565 3380; x_wconf 91' lang='lat' dir='ltr'><strong>en</strong></span> <span class='ocrx_word' id='word_1_157' title='bbox 586 3324 760 3396; x_wconf 84' lang='lat' dir='ltr'><strong>opbouwen.’&#39;</strong></span> <span class='ocrx_word' id='word_1_158' title='bbox 784 3342 822 3380; x_wconf 88' lang='lat' dir='ltr'><strong>w.</strong></span> <span class='ocrx_word' id='word_1_159' title='bbox 841 3342 938 3380; x_wconf 77' lang='lat' dir='ltr'><strong>cave:</strong></span> <span class='ocrx_word' id='word_1_160' title='bbox 961 3326 1111 3396; x_wconf 81' lang='lat' dir='ltr'><strong>Kerkelijke</strong></span> <span class='ocrx_word' id='word_1_161' title='bbox 1130 3326 1237 3382; x_wconf 86' lang='lat' dir='ltr'><strong>Oddhe·</strong></span> 
     </span>
     <span class='ocr_line' id='line_1_22' title="bbox 228 3431 576 3505; baseline -0.006 -18"><span class='ocrx_word' id='word_1_162' title='bbox 228 3434 293 3497; x_wconf 90' lang='lat' dir='ltr'><strong>den,</strong></span> <span class='ocrx_word' id='word_1_163' title='bbox 312 3450 373 3505; x_wconf 81' lang='lat' dir='ltr'><strong>pag.</strong></span> <span class='ocrx_word' id='word_1_164' title='bbox 393 3432 448 3492; x_wconf 88' lang='grc'><strong>673</strong></span> <span class='ocrx_word' id='word_1_165' title='bbox 467 3431 495 3485; x_wconf 91' lang='lat' dir='ltr'><strong>in</strong></span> <span class='ocrx_word' id='word_1_166' title='bbox 514 3433 576 3487; x_wconf 85' lang='lat' dir='ltr'><strong>fine.</strong></span> 
     </span>
    </p>

    <p class='ocr_par' dir='ltr' id='par_1_5' title="bbox 226 3534 1236 4029">
     <span class='ocr_line' id='line_1_23' title="bbox 266 3534 1236 3599; baseline -0.002 -5"><span class='ocrx_word' id='word_1_167' title='bbox 266 3534 289 3599; x_wconf 87' lang='lat'><strong>¹)</strong></span> <span class='ocrx_word' id='word_1_168' title='bbox 309 3539 371 3594; x_wconf 79' lang='lat' dir='ltr'><strong>dam</strong></span> <span class='ocrx_word' id='word_1_169' title='bbox 391 3536 518 3593; x_wconf 85' lang='lat' dir='ltr'><strong>Eusebius</strong></span> <span class='ocrx_word' id='word_1_170' title='bbox 536 3544 647 3591; x_wconf 82' lang='lat' dir='ltr'><strong>testatus</strong></span> <span class='ocrx_word' id='word_1_171' title='bbox 664 3544 705 3590; x_wconf 89' lang='lat' dir='ltr'><strong>est</strong></span> <span class='ocrx_word' id='word_1_172' title='bbox 724 3535 890 3590; x_wconf 87' lang='lat' dir='ltr'><strong>Lactantium</strong></span> <span class='ocrx_word' id='word_1_173' title='bbox 906 3554 963 3590; x_wconf 83' lang='lat' dir='ltr'><strong>ease</strong></span> <span class='ocrx_word' id='word_1_174' title='bbox 978 3554 1037 3591; x_wconf 86' lang='lat' dir='ltr'><strong>vere</strong></span> <span class='ocrx_word' id='word_1_175' title='bbox 1052 3537 1170 3592; x_wconf 89' lang='lat' dir='ltr'><strong>omnium</strong></span> <span class='ocrx_word' id='word_1_176' title='bbox 1186 3556 1236 3592; x_wconf 88' lang='lat' dir='ltr'><strong>suo</strong></span> 
     </span>
     <span class='ocr_line' id='line_1_24' title="bbox 226 3641 1233 3715; baseline -0.001 -16"><span class='ocrx_word' id='word_1_177' title='bbox 226 3652 344 3715; x_wconf 85' lang='lat' dir='ltr'><strong>tempore</strong></span> <span class='ocrx_word' id='word_1_178' title='bbox 369 3642 579 3698; x_wconf 81' lang='lat' dir='ltr'><strong>eruditissimum.</strong></span> <span class='ocrx_word' id='word_1_179' title='bbox 617 3641 716 3696; x_wconf 82' lang='lat' dir='ltr'><strong>Chron.</strong></span> <span class='ocrx_word' id='word_1_180' title='bbox 736 3641 771 3694; x_wconf 87' lang='lat' dir='ltr'><strong>ad</strong></span> <span class='ocrx_word' id='word_1_181' title='bbox 789 3658 851 3695; x_wconf 88' lang='lat' dir='ltr'><strong>ann.</strong></span> <span class='ocrx_word' id='word_1_182' title='bbox 871 3641 1042 3697; x_wconf 83' lang='lat' dir='ltr'><strong>cccxvnl.</strong></span> <span class='ocrx_word' id='word_1_183' title='bbox 1062 3673 1100 3682; x_wconf 93' lang='lat'>—</span> <span class='ocrx_word' id='word_1_184' title='bbox 1119 3643 1186 3711; x_wconf 86' lang='lat' dir='ltr'><strong>„Vir</strong></span> <span class='ocrx_word' id='word_1_185' title='bbox 1206 3644 1233 3698; x_wconf 89' lang='lat' dir='ltr'><strong>in</strong></span> 
     </span>
     <span class='ocr_line' id='line_1_25' title="bbox 226 3746 1236 3818; baseline -0.004 -13"><span class='ocrx_word' id='word_1_186' title='bbox 226 3749 400 3805; x_wconf 77' lang='lat' dir='ltr'><strong>saecularibus</strong></span> <span class='ocrx_word' id='word_1_187' title='bbox 428 3748 520 3803; x_wconf 83' lang='lat' dir='ltr'><strong>litteris</strong></span> <span class='ocrx_word' id='word_1_188' title='bbox 547 3747 712 3802; x_wconf 78' lang='lat' dir='ltr'><strong>abundanter</strong></span> <span class='ocrx_word' id='word_1_189' title='bbox 740 3746 845 3807; x_wconf 87' lang='lat' dir='ltr'><strong>doctus,</strong></span> <span class='ocrx_word' id='word_1_190' title='bbox 875 3755 903 3800; x_wconf 89' lang='lat' dir='ltr'><strong>et</strong></span> <span class='ocrx_word' id='word_1_191' title='bbox 930 3746 958 3799; x_wconf 87' lang='lat' dir='ltr'><strong>in</strong></span> <span class='ocrx_word' id='word_1_192' title='bbox 988 3747 1081 3800; x_wconf 85' lang='lat' dir='ltr'><strong>divinia</strong></span> <span class='ocrx_word' id='word_1_193' title='bbox 1101 3748 1236 3818; x_wconf 84' lang='lat' dir='ltr'><strong>scripturis</strong></span> 
     </span>
     <span class='ocr_line' id='line_1_26' title="bbox 227 3850 1236 3921; baseline -0.003 -12"><span class='ocrx_word' id='word_1_194' title='bbox 227 3854 377 3910; x_wconf 85' lang='lat' dir='ltr'><strong>notabiliter</strong></span> <span class='ocrx_word' id='word_1_195' title='bbox 389 3853 538 3916; x_wconf 86' lang='lat' dir='ltr'><strong>institutus,</strong></span> <span class='ocrx_word' id='word_1_196' title='bbox 558 3853 596 3906; x_wconf 86' lang='lat' dir='ltr'><strong>ita</strong></span> <span class='ocrx_word' id='word_1_197' title='bbox 611 3860 642 3906; x_wconf 85' lang='lat' dir='ltr'><strong>ut</strong></span> <span class='ocrx_word' id='word_1_198' title='bbox 661 3851 689 3905; x_wconf 92' lang='lat' dir='ltr'><strong>in</strong></span> <span class='ocrx_word' id='word_1_199' title='bbox 709 3859 765 3906; x_wconf 87' lang='lat' dir='ltr'><strong>arte</strong></span> <span class='ocrx_word' id='word_1_200' title='bbox 784 3850 888 3905; x_wconf 90' lang='lat' dir='ltr'><strong>dicendi</strong></span> <span class='ocrx_word' id='word_1_201' title='bbox 908 3861 969 3921; x_wconf 85' lang='lat' dir='ltr'><strong>post</strong></span> <span class='ocrx_word' id='word_1_202' title='bbox 987 3852 1140 3906; x_wconf 86' lang='lat' dir='ltr'><strong>Ciceronem</strong></span> <span class='ocrx_word' id='word_1_203' title='bbox 1160 3851 1236 3906; x_wconf 86' lang='lat' dir='ltr'><strong>facile</strong></span> 
     </span>
     <span class='ocr_line' id='line_1_27' title="bbox 227 3956 1169 4029; baseline -0.003 -15"><span class='ocrx_word' id='word_1_204' title='bbox 227 3958 371 4014; x_wconf 85' lang='lat' dir='ltr'><strong>obtinuerit</strong></span> <span class='ocrx_word' id='word_1_205' title='bbox 390 3958 591 4029; x_wconf 85' lang='lat' dir='ltr'><strong>principatum.”</strong></span> <span class='ocrx_word' id='word_1_206' title='bbox 628 3957 819 4011; x_wconf 77' lang='lat' dir='ltr'><strong>Tarrnarrrus</strong></span> <span class='ocrx_word' id='word_1_207' title='bbox 839 3956 872 4009; x_wconf 90' lang='lat' dir='ltr'><strong>de</strong></span> <span class='ocrx_word' id='word_1_208' title='bbox 892 3957 946 4010; x_wconf 84' lang='lat' dir='ltr'><strong>Scr.</strong></span> <span class='ocrx_word' id='word_1_209' title='bbox 966 3956 1027 4010; x_wconf 86' lang='lat' dir='ltr'><strong>eorl.</strong></span> <span class='ocrx_word' id='word_1_210' title='bbox 1047 3973 1104 4027; x_wconf 80' lang='lat' dir='ltr'><strong>cap.</strong></span> <span class='ocrx_word' id='word_1_211' title='bbox 1126 3959 1169 4012; x_wconf 82' lang='lat'><strong>56.</strong></span> 
     </span>
    </p>

    <p class='ocr_par' dir='ltr' id='par_1_6' title="bbox 265 4059 804 4134">
     <span class='ocr_line' id='line_1_28' title="bbox 265 4059 804 4134; baseline -0.015 -11"><span class='ocrx_word' id='word_1_212' title='bbox 265 4059 289 4126; x_wconf 64' lang='grc'><strong>2)</strong></span> <span class='ocrx_word' id='word_1_213' title='bbox 310 4063 367 4119; x_wconf 87' lang='lat' dir='ltr'><strong>Lib.</strong></span> <span class='ocrx_word' id='word_1_214' title='bbox 386 4064 435 4117; x_wconf 88' lang='lat'>111.</span> <span class='ocrx_word' id='word_1_215' title='bbox 461 4062 601 4134; x_wconf 83' lang='lat' dir='ltr'><strong>Epistolar.</strong></span> <span class='ocrx_word' id='word_1_216' title='bbox 621 4059 741 4131; x_wconf 69' lang='lat' dir='ltr'><strong>Epistola</strong></span> <span class='ocrx_word' id='word_1_217' title='bbox 761 4061 804 4115; x_wconf 81' lang='lat'><strong>10.</strong></span> 
     </span>
    </p>

    <p class='ocr_par' dir='ltr' id='par_1_7' title="bbox 264 4163 870 4239">
     <span class='ocr_line' id='line_1_29' title="bbox 264 4163 870 4239; baseline -0.008 -16"><span class='ocrx_word' id='word_1_218' title='bbox 264 4163 289 4232; x_wconf 76' lang='lat'><strong>³)</strong></span> <span class='ocrx_word' id='word_1_219' title='bbox 310 4168 486 4239; x_wconf 76' lang='lat' dir='ltr'><strong>Antiquarum</strong></span> <span class='ocrx_word' id='word_1_220' title='bbox 507 4168 577 4222; x_wconf 84' lang='lat' dir='ltr'><strong>Lect.</strong></span> <span class='ocrx_word' id='word_1_221' title='bbox 598 4164 656 4220; x_wconf 88' lang='lat' dir='ltr'><strong>Lib.</strong></span> <span class='ocrx_word' id='word_1_222' title='bbox 675 4164 728 4229; x_wconf 85' lang='lat' dir='ltr'><strong>lx,</strong></span> <span class='ocrx_word' id='word_1_223' title='bbox 747 4183 804 4236; x_wconf 88' lang='lat' dir='ltr'><strong>cap.</strong></span> <span class='ocrx_word' id='word_1_224' title='bbox 827 4166 870 4219; x_wconf 77' lang='lat'><strong>12.</strong></span> 
     </span>
    </p>
   </div>
   <div class='ocr_carea' id='block_1_5' title="bbox 0 0 1400 5150">
    <p class='ocr_par' dir='ltr' id='par_1_8' title="bbox 0 0 1400 5150">
     <span class='ocr_line' id='line_1_30' title="bbox 0 0 1400 5150; baseline 0 8"><span class='ocrx_word' id='word_1_225' title='bbox 0 0 1400 5150; x_wconf 95' lang='lat' dir='ltr'><strong> </strong></span> 
     </span>
    </p>
   </div>
   <div class='ocr_carea' id='block_1_6' title="bbox 1391 4524 1401 5088">
    <p class='ocr_par' dir='ltr' id='par_1_9' title="bbox 1391 4524 1401 5088">
     <span class='ocr_line' id='line_1_31' title="bbox 1391 4524 1401 5088; baseline 0 0"><span class='ocrx_word' id='word_1_226' title='bbox 1391 4524 1401 5088; x_wconf 95' lang='lat' dir='ltr'><strong> </strong></span> 
     </span>
    </p>
   </div>
  </div>
 </body>
</html>
