2792 5150
752 513 797 582 66

270 743 385 817 neque
410 745 446 792 se
474 720 541 817 ipsi
567 743 725 816 unquam
749 728 941 818 potuerunt
965 722 1128 794 meliores
1152 721 1269 794 faeere.

270 861 365 952 Quid
390 860 588 934 faciendum
614 886 688 934 esse
713 862 750 933 hi
767 862 911 959 quidem
929 873 1130 948 senserunt,
1148 889 1212 935 nec
1228 872 1272 935 ta·

269 1028 348 1076 men
363 1005 430 1102 ipsi
444 1004 480 1075 id
492 1003 604 1076 facere
616 1014 817 1100 potueruut,
827 1005 923 1101 quod
936 1004 1008 1078 sola
1020 1006 1104 1078 haec
1118 1005 1273 1077 doctrina

268 1144 427 1218 coelestis
451 1145 561 1231 valet,
586 1146 718 1244 quippe
738 1170 828 1243 quae
850 1146 923 1218 sola
938 1146 1106 1244 sapientia
1121 1146 1177 1218 sit.
1217 1144 1273 1216 Ad

268 1286 363 1382 quod
400 1286 621 1359 efficiendum
658 1286 740 1358 huic
773 1309 838 1358 uec
875 1286 1035 1359 mercede
1067 1311 1132 1360 nee
1157 1286 1273 1358 labore

268 1453 356 1525 opus
376 1437 446 1513 est,
469 1428 637 1526 quoniam
662 1429 768 1523 gratis
793 1429 860 1500 ista
880 1430 988 1515 fiunt,
1010 1453 1099 1526 quae
1118 1427 1273 1501 adhunc

267 1571 373 1643 finem
394 1569 584 1642 necessaria
601 1577 692 1641 suut.
720 1569 879 1642 Profecto
903 1570 969 1642 hoc
990 1569 1139 1643 coeleste
1154 1569 1271 1642 lumen

267 1710 431 1782 omnibus
456 1711 583 1796 oritur,
610 1711 814 1807 quicunque
839 1710 959 1783 oculos
983 1711 1135 1784 habeant
1150 1712 1183 1799 ¹).

316 1853 358 1924 In
384 1853 600 1951 oppositione
617 1851 735 1925 cultus
751 1853 979 1925 Ethnicorum
997 1852 1093 1926 illius
1110 1853 1162 1926 vis
1179 1877 1271 1951 prae

266 2000 361 2065 terea
392 1994 430 2065 in
466 2017 507 2066 eo
536 1993 601 2065 sita
630 2001 701 2078 est,
727 1993 823 2089 quod
842 1994 1013 2090 justitiam
1042 2018 1189 2091 eamque
1216 2019 1269 2066 ve·

265 2158 340 2206 ram
366 2134 484 2220 docet;
511 2134 594 2232 quia
620 2134 804 2207 nobiscum
829 2160 965 2233 semper
990 2145 1060 2221 est,
1078 2161 1117 2208 ac
1143 2145 1216 2209 toto
1234 2136 1269 2207 in

264 2275 381 2347 animo
397 2274 542 2348 colentis
558 2277 653 2373 viget
661 2310 669 2360 ;
700 2276 783 2372 quia
799 2286 952 2348 mentem
969 2277 1080 2374 ipsam
1095 2301 1160 2375 pro
1173 2277 1270 2350 sacri·

264 2418 342 2491 ficio
358 2417 472 2490 habet.
508 2417 605 2490 Dum
625 2416 685 2489 ille
711 2418 805 2489 euim
831 2427 961 2515 spectat
978 2417 1021 2490 ad
1050 2419 1087 2491 id
1104 2419 1200 2515 quod
1216 2443 1268 2490 ex·
1383 2448 1384 2453 ¹

263 2568 403 2633 ternum
429 2568 498 2645 est,
523 2558 608 2632 haec
633 2557 773 2655 respicit
797 2557 926 2631 bonam
947 2569 1120 2646 mentem,
1140 2585 1268 2659 purum

261 2717 402 2802 pectus,
437 2713 471 2775 et
500 2704 607 2774 vitam
642 2703 826 2774 insontem.
878 2701 1061 2775 Desiderat
1097 2702 1182 2775 haec
1212 2702 1268 2775 de·

131 2894 133 2899 ·
261 2848 439 2920 votionem
471 2846 658 2918 maximam
690 2844 886 2942 fidemque,
921 2844 1040 2918 addita
1065 2843 1190 2917 decora
1214 2870 1265 2918 11·

261 2989 428 3076 vercutio3
468 3012 575 3085 quare
613 3012 752 3060 necesse
789 2995 841 3059 est
869 2986 1003 3059 bonum
1034 2985 1267 3083 irreligione

261 3133 406 3218 versari,
433 3154 504 3202 non
529 3128 672 3201 malum.
725 3127 824 3218 Quae
848 3152 931 3200 eum
954 3128 1004 3200 ita
1020 3127 1108 3213 siut,
1126 3152 1197 3200 non
1215 3128 1266 3199 fas

261 3285 312 3347 est
344 3274 380 3346 in
416 3297 456 3346 ea
489 3272 524 3344 vi
555 3281 590 3343 et
623 3270 804 3342 tormentis
829 3270 901 3355 uti,
927 3280 969 3341 ut
993 3268 1132 3341 Ethnici
1156 3268 1267 3341 facere

259 3417 380 3489 solent.
432 3416 524 3487 Nam
553 3414 580 3486 si
605 3413 656 3486 ita
680 3421 821 3509 agatur,
853 3411 1028 3510 polluitur
1053 3435 1092 3483 ac
1118 3411 1267 3483 violatur

258 3559 402 3656 religio,
431 3582 495 3629 nec
523 3579 604 3628 vero
633 3552 843 3626 defenditur.
895 3552 1020 3649 Neque
1045 3551 1143 3624 aliud
1167 3552 1266 3650 quid·

259 3706 366 3799 quam
397 3708 471 3772 tam
501 3695 736 3770 voluntarium
760 3702 812 3767 est
837 3716 945 3790 quam
969 3691 1102 3788 religio.
1154 3692 1266 3789 Igitur
1380 3671 1381 3718 t

258 3842 354 3939 regia
393 3841 448 3912 via
488 3838 646 3912 eundum
686 3845 758 3923 est,
792 3836 925 3910 ratione
971 3843 1006 3907 et
1041 3833 1265 3908 hortamentis

260 4045 443 4060 ——

296 4152 318 4221 ¹)
336 4159 398 4214 niv.
418 4159 484 4213 11111.
503 4156 548 4210 lib.
572 4154 620 4209 llI.
641 4170 699 4224 cap.
719 4153 765 4205 26.
