2792 5150
748 516 792 585 98

263 722 424 796 homines
452 711 565 808 misit,
596 732 638 795 ut
663 747 741 810 eus,
772 722 816 795 ad
849 723 1015 796 virtutem
1040 731 1197 809 vueatus,
1227 721 1276 793 ad

263 852 544 962 cognoscendum
569 892 692 941 verum
717 867 836 940 Deum
862 866 1061 941 adduceret.
1088 864 1275 938 Justitiam

262 1032 376 1081 verum
412 1009 570 1082 homines
600 1008 720 1082 doeuit
744 1009 910 1106 magister
934 1008 994 1080 ille
1020 1016 1054 1080 et
1078 1032 1196 1080 veram
1221 1031 1276 1078 re·

260 1150 429 1247 ligionem
467 1151 503 1222 in
530 1160 658 1224 terram
683 1150 861 1224 transtulit
886 1150 1023 1248 legatus
1053 1149 1185 1223 summi
1206 1149 1272 1222 Pa·

260 1294 340 1380 tris
362 1316 508 1391 eamque
532 1319 552 1365 a
569 1295 591 1365 J
594 1294 717 1367 udaeis
741 1294 786 1367 ad
804 1304 936 1367 exteras
956 1303 1077 1391 gentes
1094 1294 1127 1382 ι).
1155 1292 1274 1364 Morte

258 1458 322 1532 pro
342 1434 544 1507 hominibus
567 1444 746 1533 suscepta,
772 1434 849 1508 illas
875 1445 997 1532 gentes
1022 1434 1167 1507 heredes
1187 1432 1274 1506 feeit

258 1578 357 1673 regni
382 1577 531 1663 aeterni,
558 1562 695 1673 rejectis
718 1576 873 1650 Judaeis.

307 1718 356 1790 Ut
381 1728 499 1791 autem
524 1719 660 1803 omnia,
686 1727 861 1815 quaeant
885 1718 967 1791 feeit
993 1726 1055 1790 aut
1078 1741 1201 1815 passus
1218 1726 1273 1789 est

256 1860 405 1954 figuram
439 1860 658 1946 habuerunt,
695 1884 760 1932 nee
793 1860 868 1933 sine
906 1859 1158 1956 significatione
1194 1859 1272 1931 fue·
1388 1884 1389 1887 ¹

255 1984 357 2088 runt,
383 2003 433 2075 ita
454 2012 602 2076 mortem
628 2001 755 2089 subiit,
781 2012 823 2074 ut
848 2002 1061 2074 constantiae
1084 2009 1120 2074 et
1135 2002 1270 2099 patien-

256 2144 326 2216 tiae
351 2143 532 2240 praeberet
558 2144 777 2242 exemplum,
807 2134 857 2230 et,
885 2152 997 2216 morte
1017 2168 1080 2241 per
1099 2143 1270 2215 virtutem

254 2267 403 2372 domita,
431 2294 645 2383 resurgeret,
672 2286 863 2382 generique
892 2285 1047 2358 humanu
1072 2309 1169 2382 spem
1193 2285 1269 2357 vin·

252 2426 382 2500 candae
395 2412 516 2500 mortis
527 2452 591 2499 neu
604 2451 675 2499 non
689 2426 958 2499 immortalitatis
977 2427 1114 2498 afferret
1129 2426 1165 2514 ’).
1194 2425 1266 2499 His

249 2568 366 2656 faetiS,
393 2569 437 2642 ad
461 2571 600 2643 Patrem
625 2570 801 2669 prefectus
826 2595 975 2667 ragnum
1002 2563 1151 2642 eoeleste
1175 2568 1264 2643 ade-

248 2719 330 2807 ptus
357 2723 427 2797 est,
454 2711 548 2784 unde
574 2712 762 2808 aliquando
788 2712 824 2783 in
850 2722 978 2783 terram
991 2711 1130 2796 redibit,
1149 2720 1192 2782 ut
1208 2735 1262 2782 re·

248 2863 333 2950 gnet
352 2880 434 2926 cum
455 2854 693 2927 sectatoribus.
721 2855 800 2945 Qua
825 2856 861 2927 in
889 2880 925 2927 ra
937 2854 1176 2927 chiliastarum
1189 2852 1263 2951 opi·

249 2996 389 3067 nionem
415 2996 573 3092 sequitur
594 3005 726 3081 auctor,
746 2997 873 3068 doeens
890 2996 1069 3068 Christum
1081 3020 1145 3092 par
1161 2994 1262 3066 mille

251 3162 359 3209 annus
384 3138 476 3210 inter
492 3138 651 3211 homines
668 3147 905 3224 versaturum,
924 3162 1052 3234 eosque
1066 3136 1262 3233 justissimo

240 3280 397 3377 imperio
414 3279 707 3376 gubernaturum.
726 3281 886 3353 Tandem
903 3279 999 3352 hisee
1015 3278 1114 3350 annis
1132 3276 1262 3350 exactis

248 3420 472 3494 renovabitur
497 3422 650 3495 mundus
673 3423 807 3509 aDeo,
834 3431 868 3495 at
889 3419 1151 3493 transformabit
1162 3419 1262 3491 Deus

247 3562 424 3636 huminem
461 3565 498 3635 in
538 3564 808 3638 similitudinem
843 3562 1072 3661 Angelorum.
1125 3561 1261 3634 Eodem

247 3713 404 3802 tempore
439 3706 557 3778 locum
595 3706 739 3779 habebit
777 3705 931 3779 secunda
960 3705 1118 3778 omnium
1147 3727 1260 3775 resur-

287 3962 891 4036 ummmmwmmm

285 4067 307 4134 ²)
328 4071 388 4124 Div.
408 4072 473 4125 lust.
493 4070 538 4125 lib.
558 4072 607 4126 IV.
628 4090 684 4143 cap.
708 4072 752 4134 10,
777 4074 821 4135 12,
835 4071 882 4132 19,
894 4073 938 4123 26.
950 4068 1069 4129 -Quid
1079 4076 1212 4138 praeterea
1225 4066 1259 4117 de

247 4184 331 4228 morte
349 4174 445 4228 Christi
459 4175 611 4230 Lactantius
626 4176 758 4239 docuerit,
777 4185 849 4247 patet
859 4193 890 4228 ex
900 4173 979 4242 hujus
987 4173 1053 4243 disq.
1064 4189 1124 4243 pag.
1136 4169 1256 4230 72-74.
