2792 5150
735 513 782 585 10

250 726 314 798 hac
330 725 486 812 furente,
506 724 646 811 fecerit,
674 723 731 797 vel
758 724 937 821 quomodo
961 723 1035 820 ipse
1059 723 1273 799 christianus

250 867 390 940 vincula
427 877 621 941 mortemve
659 866 837 964 effugerit,
877 891 949 939 non
988 876 1082 939 certo
1119 877 1265 942 constat.

250 1011 408 1084 Fortasse
434 1035 454 1083 a
478 1009 695 1108 principibus
721 1009 783 1082 ille
811 1008 1039 1107 philosophus
1055 1009 1195 1083 habitus
1213 1022 1266 1086 est

250 1153 360 1249 magis
385 1177 493 1249 quam
518 1151 739 1226 christianus.
787 1155 842 1226 Ita
866 1151 962 1224 enim
997 1152 1071 1250 ipse
1103 1152 1147 1226 de
1176 1154 1265 1226 chri-

249 1295 369 1368 stianis
385 1294 563 1392 loquitur,
581 1320 755 1369 asserens:
785 1321 883 1394 „quo
904 1295 1103 1395 philosophi
1120 1306 1263 1371 nostrae

249 1447 379 1524 sectae,
419 1463 526 1535 quam
564 1454 707 1511 tuemur
746 1439 986 1513 instructiores
1019 1439 1263 1537 doctioresque

248 1580 285 1652 in
310 1588 492 1678 posterum
517 1580 624 1654 fient''
639 1582 673 1672 ¹).
725 1582 870 1668 Postea,
890 1580 1098 1654 Nicomedia
1120 1581 1261 1668 relicta,

249 1724 285 1796 in
313 1723 465 1796 Gelliam
491 1724 692 1797 lactantius
717 1725 893 1823 proiectus
918 1733 988 1812 est,
1016 1734 1057 1798 ut
1075 1724 1259 1824 Crispum,

247 1865 467 1938 Constantini
496 1864 610 1938 filium
644 1874 728 1939 netu
764 1866 948 1962 majorem,
981 1865 1111 1939 litteris
1144 1866 1260 1939 latinis

248 2006 402 2079 erudiret
413 2007 448 2096 ⁸).
500 2007 557 2079 Ab
595 2032 637 2080 eo
675 2008 759 2081 inde
797 2017 956 2106 tempore
990 2007 1163 2093 historici,
1196 2010 1259 2105 qui

247 2156 309 2219 eut
344 2146 454 2245 ipsius
496 2147 668 2220 Lactantii
704 2156 765 2221 aut
792 2148 1016 2245 sequentium
1040 2147 1259 2221 saeculorum

248 2290 433 2363 memoriae
453 2290 666 2363 mandarunt
682 2291 883 2378 historiam,
902 2301 1082 2365 auctorem
1098 2301 1258 2385 nostrum

249 2431 386 2505 silentio
411 2434 696 2531 praetermittunt
722 2443 757 2506 et
772 2435 880 2506 vitam
907 2435 982 2531 ejus
1005 2433 1173 2507 oblivioni
1191 2445 1257 2508 tra·

247 2577 347 2650 dunt.
400 2574 554 2650 Illustris
575 2578 641 2650 viri
654 2587 770 2652 tamen
789 2579 895 2651 rebus
912 2577 1018 2676 gestis
1034 2577 1133 2651 addit
1150 2578 1256 2653 Ense·

245 2719 344 2792 bins:
371 2719 458 2791 adeo
482 2744 673 2818 pauperem
706 2722 930 2794 Lactantium
967 2720 1093 2807 fuisse,
1127 2731 1168 2794 ut
1200 2722 1254 2795 vel

246 2860 446 2934 necessariis
468 2859 677 2958 plerumque
701 2861 875 2959 indigeret
893 2863 927 2952 ⁸).
979 2862 1084 2953 Quod
1109 2862 1184 2961 ipse
1205 2889 1255 2936 re·

247 3001 337 3075 ferre
361 3002 515 3088 videtur,
542 3001 707 3075 dicendo:
735 3028 871 3100 „quam
896 3003 1040 3076 minime
1066 3003 1132 3076 sim
1159 3006 1255 3101 quie·

246 3153 321 3231 tus,
347 3144 452 3217 etiam
467 3145 505 3217 in
522 3146 670 3219 summis
687 3146 971 3234 necessitatibus,
989 3172 1031 3219 ex
1047 3147 1113 3219 hoc
1135 3145 1254 3220 libello

288 3522 311 3590 ¹)
330 3525 400 3580 Vide
418 3524 464 3581 lib.
484 3526 517 3580 de
534 3524 607 3597 Opis.
628 3524 687 3580 Dei.
706 3543 766 3594 cap.
788 3526 816 3591 l,
834 3526 919 3583 initio.

286 3625 311 3692 ²)
330 3630 387 3685 The
402 3647 460 3685 care
474 3629 507 3684 of
518 3630 558 3684 his
576 3628 731 3695 munden,
750 3648 780 3684 or
793 3639 822 3685 et
839 3630 905 3685 least
922 3630 953 3686 of
968 3630 1008 3685 hie
1027 3632 1139 3697 studies,
1155 3651 1208 3688 was
1216 3633 1256 3687 in·

247 3736 348 3790 nusoed
376 3743 405 3789 tc
431 3735 598 3799 Lactantius,
626 3734 672 3789 the
699 3742 769 3789 most
796 3735 922 3806 eloquent
950 3735 982 3790 of
1006 3736 1052 3791 the
1070 3737 1257 3802 christianam

248 3849 401 3911 praeceptor
418 3839 563 3911 admirably
581 3839 705 3910 qnalified
725 3848 755 3893 to
769 3839 837 3894 form
852 3840 897 3894 the
912 3848 979 3895 teste
996 3842 1050 3898 end
1065 3852 1096 3896 to
1114 3843 1198 3898 excite
1212 3842 1257 3896 the

248 3944 345 3999 virtues
364 3942 396 3998 of
407 3943 606 4000 his'illustrious
622 3943 738 4015 disciple.
777 3943 909 4000 Grnnon:
934 3944 1042 4000 Decline
1060 3947 1114 4000 and
1132 3946 1189 4001 Fell
1207 3955 1256 4001 ete

248 4065 309 4121 pag.
329 4049 385 4104 250
403 4047 431 4101 in
448 4048 543 4103 medio.

288 4147 312 4217 ³)
332 4151 403 4206 Vide
421 4169 536 4208 uusenn
556 4152 655 4208 Chron.
