2792 5150
764 523 786 591 2

267 726 338 798 aosi
376 727 420 799 de
465 727 617 823 quodam
653 729 761 800 fluvio
789 728 1009 825 eloquentiae
1034 729 1220 803 Tullianae
1238 731 1276 819 ¹).

265 868 423 940 Eandem
439 869 583 964 quidem
596 868 642 941 ob
660 894 817 941 caussam
830 895 871 942 eo
883 870 1014 943 honore
1032 871 1174 944 affectus
1189 871 1276 958 fuit,

266 1018 307 1081 ut
333 1034 354 1081 a
385 1010 532 1108 posteris
566 1012 832 1107 cognominatus
858 1011 903 1083 sit
930 1011 1080 1098 „Cicero
1106 1012 1277 1085 Christia-

264 1175 331 1222 nus
346 1151 406 1240 ¹).''
458 1151 511 1222 En
549 1176 690 1248 quoque
729 1177 901 1238 caussam,
942 1177 1004 1225 aur
1042 1152 1116 1250 ejus
1149 1179 1276 1252 opera,

262 1302 418 1392 tempore
446 1293 642 1367 litterarum
668 1295 949 1367 reviviscentium
974 1303 1046 1367 tam
1071 1296 1276 1393 frequenter

261 1436 370 1509 lentae
396 1435 597 1532 multaeque
623 1460 746 1508 eorum
768 1437 937 1510 editiones
958 1463 994 1510 se
1015 1438 1164 1511 invicem
1183 1439 1275 1511 inse·

262 1585 362 1650 outae
388 1577 457 1649 sint
470 1577 504 1666 ⁸),
532 1624 534 1628 -

308 1719 407 1810 Quae
433 1691 574 1792 nomina
599 1743 798 1792 naoranrro
824 1720 962 1817 proprie
988 1721 1136 1807 luerint,
1164 1746 1270 1819 aegre

259 1860 395 1933 dixeris.
439 1859 498 1933 Lis
523 1859 590 1932 sub
612 1860 730 1956 judioe
755 1867 807 1932 est
831 1868 904 1932 tam
929 1861 973 1933 de
996 1886 1143 1933 numero
1161 1887 1271 1958 quam

259 2003 303 2075 de
320 2002 571 2100 significatione
587 2000 715 2073 horum
732 2001 925 2074 nominum.
968 2003 1155 2089 Nonnulli,
1174 2028 1272 2101 prae·

258 2145 377 2218 sertim
402 2145 583 2242 scriptores
608 2143 763 2241 antiqui,
798 2169 880 2216 eum
914 2145 1019 2217 modo
1046 2145 1270 2218 Lactantium

258 2312 320 2359 seu
356 2286 575 2359 Firmianum
611 2285 786 2385 appellare
826 2263 1001 2373 solebant,
1037 2287 1087 2360 sia
1115 2288 1270 2385 exempli

258 2431 385 2527 gratia,
400 2431 605 2514 Eusebius,
633 2429 680 2501 sia
705 2428 961 2526 Hieronymus,
987 2429 1119 2528 aliique
1132 2432 1167 2519 ⁴).
1200 2431 1268 2504 Ve-

257 2600 336 2647 rum
371 2573 474 2647 multi
506 2573 644 2646 codices
682 2572 909 2669 manuscripti
948 2571 1084 2644 addunt
1118 2597 1267 2668 praeno-

259 2781 442 2793 ————-

294 2904 318 2971 ¹)
338 2907 370 2960 In
390 2905 506 2977 Epistola
525 2906 591 2960 XIII
611 2905 644 2958 ad
665 2904 815 2959 Paulinum.
838 2955 840 2958 .

293 3006 317 3073 ²)
337 3011 407 3065 Vide
435 3027 475 3065 nu
500 3026 565 3063 rm:
596 3008 725 3062 Nonvelle
754 3008 937 3079 Bibliotheque
964 3008 1010 3062 des
1036 3014 1150 3062 Auteurs
1176 3009 1263 3064 Eccle-

255 3113 403 3186 siastiqnes‚
418 3132 478 3184 pag.
489 3115 556 3177 208,
570 3113 612 3167 ed.
624 3113 843 3168 MDOLXXXX.
852 3114 1089 3169 —I'rurunurus
1104 3114 1137 3168 da
1147 3117 1201 3169 Ser.
1216 3116 1262 3168 Ec.

256 3236 286 3273 aa
307 3260 313 3273 .
336 3222 379 3273 56.
1280 3273 1284 3284 .

287 3238 317 3384 ξ)
337 3322 407 3376 Vide
423 3339 464 3377 oo
479 3335 630 3376 runsuor:
650 3321 691 3375 ed.
704 3321 777 3376 Laet.
787 3337 832 3391 op.
850 3338 922 3375 anno
933 3320 1018 3385 1748,
1029 3339 1090 3393 pag.
1101 3323 1136 3377 Χ.
1148 3321 1261 3385 §XVIL

254 3426 282 3480 in
292 3426 465 3481 praefatione.
494 3426 568 3480 Idem
586 3426 648 3480 inde
667 3426 701 3480 ab
721 3443 794 3480 anno
815 3425 988 3490 lael-1739,
1008 3444 1063 3481 non
1079 3427 1166 3482 minus
1182 3444 1261 3497 quam

253 3532 383 3600 oetopiata
400 3549 445 3585 sea
462 3530 592 3584 editiones
609 3530 728 3584 omnium
747 3530 803 3599 ejus
821 3547 930 3600 opernm
948 3539 1091 3586 enumerat.

291 3630 316 3696 4)
337 3634 380 3689 Sic
390 3650 531 3690 nusnams
547 3651 758 3689 cansanmusrs
772 3634 801 3688 in
811 3634 954 3699 Chronico,
971 3634 1011 3688 IV
1021 3635 1259 3689 saeculo-Hm·

253 3756 413 3796 nouruus:
430 3741 463 3794 de
477 3740 646 3809 scriptoribus
664 3740 853 3806 ecelesiasticis,
873 3742 900 3793 V
915 3740 1032 3803 saecula
1053 3740 1122 3794 idem
1138 3740 1166 3793 ln
1183 3740 1260 3795 Com-

252 3853 362 3900 mentar.
392 3846 420 3899 in
448 3844 545 3900 Eooles,
574 3862 631 3916 oap.
662 3846 711 3906 1ος
740 3844 769 3899 in
797 3843 891 3914 Capite
920 3847 952 3907 4,
978 3844 1113 3914 Epistolae
1131 3844 1207 3898 Pauli
1225 3843 1258 3898 ad

252 3950 393 4021 Ephesiam
413 3950 441 4004 in
452 3949 536 4020 Epist.
558 3951 593 4002 13
612 3950 645 4004 ad
666 3949 816 4004 Paulinum.
827 3952 1081 4003 —Aonusrmusz
1102 3950 1135 4003 de
1154 3949 1259 4003 civitate

252 4055 303 4109 Dei
322 4054 339 4109 l.
349 4054 455 4117 XVIII,
473 4055 557 4116 e.13;
575 4083 614 4094 -
630 4069 799 4108 nocuimus
819 4052 1161 4108 nrrscorusVsaeeuloin
1173 4052 1256 4123 Epist.

250 4159 284 4212 ad
303 4157 488 4218 Valerianum:
508 4187 546 4197 —
565 4173 766 4213 aronnmffls
783 4172 919 4213 monins
938 4164 988 4211 eta.
