2792 5150
620 524 666 596 37

128 739 210 806 tam
235 733 431 832 Religionis
457 734 687 820 Christianae,
715 758 822 832 quani
843 731 1019 805 doctrinae
1044 731 1142 830 copia

128 898 171 946 ao
200 874 352 949 dictione
378 875 656 974 distinguantur,
687 874 869 972 sequentia
898 871 1038 946 abunde
1063 872 1142 945 illu·

130 1015 310 1091 strabunt.

601 1264 677 1351 tl.

344 1500 470 1572 Eorum
496 1501 676 1573 character
700 1502 936 1598 opohpetious.

181 1724 264 1816 Quo
289 1726 400 1822 magis
425 1726 564 1825 Religio
590 1725 789 1855 Chriqtiana
812 1751 875 1825 per
900 1725 1021 1798 orbem
1039 1735 1141 1797 terra·

126 1891 213 1940 rum
250 1869 526 1966 propagabatur,
561 1894 602 1942 eo
635 1868 757 1966 majori
791 1867 1001 1967 oppositioni
1029 1867 1141 1940 omnis
1280 1924 1282 1929 .

129 2011 273 2108 generis
298 2010 454 2108 subjecta
483 2020 566 2087 erat.
616 2012 710 2097 Imo,
743 2011 830 2085 Jesu
856 2011 984 2084 Christi
1017 2009 1139 2083 verba:

128 2150 189 2248 μὴ
225 2151 399 2248 νομίσητε
433 2151 488 2229 ὅτι
527 2150 636 2253 ἦλθον
668 2149 802 2248 βαλεῖν
828 2155 963 2252 εὶρῆννν
988 2153 1048 2229 ἐντὶ
1075 2150 1141 2250 τὴν

128 2296 230 2392 γῆν·
271 2296 338 2368 οὐκ
363 2291 472 2394 ἦλθον
504 2294 639 2387 βαλεῖν
666 2298 822 2396 εἰρήνην,
851 2290 962 2371 ἄλλα
992 2297 1141 2394 μαχαί-

129 2460 201 2535 ραν
218 2438 268 2532 ¹),
294 2462 368 2512 sese
395 2439 606 2538 implebant,
631 2440 750 2539 prouti
774 2438 821 2513 τὸ
847 2436 1079 2537 εὐαγγέλιον
1104 2440 1138 2511 in

128 2580 280 2677 imperio
305 2581 463 2654 Romano
488 2582 748 2679 divulgabatur.
790 2582 896 2673 Quod
921 2606 991 2655 non
1017 2583 1142 2655 miran-

130 2720 304 2807 domest,
332 2722 505 2819 siqnidem
530 2720 576 2797 τὸ
602 2720 683 2824 <Deir
711 2722 747 2798 ἐν
775 2723 823 2822 τῇ
844 2722 976 2823 σκοτίᾳ
998 2722 1140 2823 walter,

132 2861 198 2937 καὶ
224 2862 245 2960 ἡ
270 2862 403 2939 σκοτία
428 2860 522 2939 αὐτὸ
550 2866 591 2939 οὐ
612 2862 877 2959 κατέλαβεν’).
929 2868 1053 2964 Neque
1078 2867 1142 2940 hoe

130 3006 265 3079 mirum
289 3017 359 3094 est,
385 3008 551 3106 quoniam
580 3007 738 3082 doctriua
762 3009 956 3082 Christiana
981 3034 1054 3082 sese
1080 3010 1141 3082 Po·

131 3148 340 3245 lytheismo‚
365 3150 430 3222 hoo
460 3159 615 3249 ternpore
640 3151 792 3248 vigenti,
820 3160 962 3224 strenue
991 3176 1141 3251 oppone·

132 3291 214 3377 bat,
240 3300 344 3389 atque
370 3293 496 3365 avitam
515 3291 720 3389 religionem
743 3292 971 3365 Ethnioorum
989 3304 1142 3366 evertere

133 3433 308 3506 studebat.
328 3401 701 3534 Itaqueimperatores
716 3460 828 3532 quum
841 3435 1000 3509 viderent
1011 3461 1142 3509 novum

131 3576 270 3649 cultum
297 3576 411 3650 Unius
436 3578 504 3650 Dei
531 3578 701 3651 exstitisse
722 3604 876 3676 eumque
895 3580 1000 3651 totius
1018 3578 1142 3652 mnndi

132 3718 295 3791 futurum
312 3720 477 3793 victorem
495 3745 531 3793 se
547 3722 786 3818 profitentem,
806 3720 986 3819 tranquilli
1004 3746 1143 3793 manere

132 3883 203 3931 non
216 3869 415 3958 potuerunt.
430 3862 616 3953 Quomodo
624 3873 802 3962 praeterea
814 3863 1021 3964 philosophi,
1031 3883 1155 3964 quum‘

140 4010 327 4023 ——n—

174 4074 197 4141 ¹)
217 4078 315 4133 Matth.
337 4080 371 4133 10
382 4100 388 4134 :
400 4082 445 4136 34.

172 4176 197 4246 9)
216 4182 279 4239 doh.
303 4184 374 4240 125.
