2792 5150
619 523 643 594 9

128 732 212 806 stria
236 731 432 807 aemulatus
456 744 527 820 est,
550 743 591 808 ut
608 734 817 831 magistrum
842 758 911 807 non
938 732 1053 808 solum
1077 759 1136 808 ae-

128 876 301 973 quaverit,
328 876 389 949 sed
406 877 620 975 superaverit
636 900 778 975 quoque
800 878 939 950 dioendi
956 879 1133 951 suavitate.

129 1019 180 1091 Ao
209 1043 424 1116 quamquam
454 1018 672 1117 eloquentiae
710 1044 851 1118 operam
888 1021 986 1093 dedit
1025 1022 1136 1094 rhetn

130 1161 308 1258 ripamque
349 1162 490 1260 posthae
519 1162 659 1249 doouit,
689 1163 806 1235 forum
835 1187 1019 1260 nunquam
1048 1163 1134 1236 atti·

130 1303 181 1400 git
197 1304 232 1393 ¹).
273 1302 358 1390 Sed,
377 1304 550 1401 primum,
572 1305 648 1402 ipso
669 1304 818 1391 fatente,
839 1305 982 1402 juvenes
1003 1305 1137 1377 erudie-

130 1443 226 1534 bar)
238 1479 246 1530 ;
285 1444 414 1518 deinde
439 1453 580 1544 propter
604 1447 790 1542 penuriam
815 1444 1069 1543 discipulorum
1093 1445 1139 1518 ad

129 1585 355 1659 scribendum
376 1610 413 1660 se
428 1585 624 1660 contulerat
635 1586 675 1675 ⁸),
702 1596 931 1685 susceptaque
956 1612 1036 1660 vera
1062 1587 1138 1660 reli·

130 1727 252 1822 gione‚
279 1753 424 1801 manum
450 1727 618 1826 imposuit
641 1727 684 1801 iis
710 1728 908 1825 insignibus
934 1754 1139 1802 monumen·

129 1869 188 1955 tis,
227 1894 379 1966 quorum
417 1869 586 1967 pleraque
621 1870 737 1942 adhue
774 1870 945 1944 habemus
979 1881 1014 1944 et
1046 1896 1138 1968 quae

131 2036 249 2085 revera
272 2020 478 2085 ornamenta
502 2013 646 2085 suntin
671 2012 812 2111 templis
838 2014 1045 2088 litterarum.

178 2153 405 2227 Nicomediae
430 2154 639 2227 rhetorioam
660 2154 782 2227 doouit
794 2157 835 2243 ⁴),
852 2180 924 2252 quo
941 2156 1137 2253 imperante

130 2294 362 2381 Diocletiano,
380 2295 443 2392 qui
459 2296 588 2368 haneoe
604 2294 731 2368 urbem
751 2297 883 2369 Romae
900 2295 1135 2394 aequipollen-

129 2445 201 2510 tem
223 2436 368 2510 reddere
389 2436 518 2523 voluit,
540 2461 622 2509 oum
644 2436 763 2510 Flavio
781 2437 1017 2511 Grammatico
1039 2438 1140 2511 adve-

131 2588 239 2653 nerat.
279 2578 335 2652 Sie
351 2580 446 2652 enim
463 2578 705 2675 Hieronymus
723 2580 823 2653 nobis
839 2590 966 2653 narrat.
1003 2580 1081 2654 Hae
1098 2581 1134 2655 in

131 2724 219 2796 urbe
235 2721 439 2794 versabatur
459 2746 521 2819 per
547 2730 660 2795 totum
683 2722 909 2810 decennium,
928 2748 999 2820 quo
1019 2723 1140 2797 saeviit

131 2866 283 2940 erudelis
314 2866 510 2964 persecutio
542 2866 579 2938 in
606 2865 737 2940 Christi
769 2867 915 2940 asseclas
932 2869 966 2957 ⁸).
1019 2867 1139 2958 Quid,

170 3127 194 3193 1)
215 3130 276 3185 Dis.
304 3129 370 3184 lust.
389 3128 407 3183 1.
427 3132 458 3192 3,
486 3146 544 3199 oap.
566 3130 614 3194 13,
640 3138 703 3186 sest.
732 3132 781 3194 12,
809 3130 851 3186 ed.
879 3133 1076 3195 adsumamus,
1095 3129 1142 3186 ubi

133 3243 224 3288 auctor
242 3234 319 3288 dicit:
340 3213 447 3302 „temeri
461 3233 586 3306 eloquens
605 3252 744 3307 nunquam
759 3235 811 3300 fui,
828 3234 926 3306 quippe
944 3235 990 3306 qui
1006 3235 1094 3289 forum
1108 3252 1143 3289 ne

135 3339 265 3410 attigerim
283 3338 415 3410 quidem.''

172 3439 196 3505 ²)
215 3443 248 3497 In
268 3443 330 3497 Dir.
349 3442 415 3496 Inst.
433 3442 479 3496 lib.
498 3441 520 3496 1.
540 3442 719 3499 Praefatione.
739 3442 780 3496 ed.
799 3444 992 3500 susannam.

169 3541 194 3606 ³)
215 3547 437 3601 Hrrrnonmrus:
457 3545 541 3601 Gatal.
562 3548 650 3617 script.
669 3546 730 3601 eorl.

168 3646 195 3712 ⁴)
214 3650 285 3704 Vide
299 3650 535 3723 Eueyolopaedism
545 3650 749 3717 Brittanniam,
759 3652 832 3704 ΒΜ.
848 3650 956 3705 editiori.
977 3652 1052 3705 Tom.
1064 3651 1143 3715 XIII,

131 3760 200 3826 ρας(
214 3756 275 3809 148.

169 3855 193 3922 ³)
214 3860 284 3913 Vide
293 3858 424 3914 nouandi
433 3859 538 3924 Vitam,
548 3860 590 3914 ed.
601 3858 638 3913 du
649 3857 775 3930 Fresuoy‚
789 3873 849 3929 pag.
860 3859 935 3913 XXI.
944 3886 982 3899 —
991 3858 1143 3927 „Wdhrem

132 3965 178 4019 der
197 3953 364 4035 Verfolgung
389 3962 490 4017 seheint
517 3977 547 4018 er
572 3962 601 4016 iu
630 3962 800 4017 Nimmedien
826 3962 927 4034 gelent,
946 3963 1001 4016 und
1021 3962 1062 4017 bis
1083 3979 1143 4017 zum

132 4070 213 4126 Jahre
227 4071 283 4123 313
301 4069 416 4124 daselbst
433 4069 612 4141 gebliebeuzu
622 4069 712 4138 seyn.'’
732 4068 868 4122 Fniiooa:
888 4068 983 4122 Gaseh.
994 4069 1041 4122 der
1049 4068 1141 4122 Theoi.

133 4174 211 4230 Wiss.
231 4193 290 4245 pag.
311 4176 380 4238 235,
403 4172 454 4227 vol.
474 4174 496 4227 I.

1007 4274 1023 4328 2
