<?xml version="1.0" encoding="UTF-8"?>
<!DOCTYPE html PUBLIC "-//W3C//DTD XHTML 1.0 Transitional//EN"
    "http://www.w3.org/TR/xhtml1/DTD/xhtml1-transitional.dtd">
<html xmlns="http://www.w3.org/1999/xhtml" xml:lang="en" lang="en">
 <head>
  <title>
</title>
<meta http-equiv="Content-Type" content="text/html;charset=utf-8" />
  <meta name='ocr-system' content='tesseract 3.04.00' />
  <meta name='ocr-capabilities' content='ocr_page ocr_carea ocr_par ocr_line ocrx_word'/>
</head>
<body>
  <div class='ocr_page' id='page_1' title='image "./specimenhistori00kotzgoog_0045.png"; bbox 0 0 2792 5150; ppageno 0'>
   <div class='ocr_carea' id='block_1_1' title="bbox 118 497 1238 2061">
    <p class='ocr_par' dir='ltr' id='par_1_1' title="bbox 605 497 649 566">
     <span class='ocr_line' id='line_1_1' title="bbox 605 497 649 566; baseline 0 0"><span class='ocrx_word' id='word_1_1' title='bbox 605 497 649 566; x_wconf 76' lang='lat'><strong>21</strong></span> 
     </span>
    </p>

    <p class='ocr_par' dir='ltr' id='par_1_2' title="bbox 118 705 1238 2061">
     <span class='ocr_line' id='line_1_2' title="bbox 167 705 1132 806; baseline -0.002 -26"><span class='ocrx_word' id='word_1_2' title='bbox 167 706 278 780; x_wconf 70' lang='lat' dir='ltr'><strong>Liba</strong></span> <span class='ocrx_word' id='word_1_3' title='bbox 312 708 368 794; x_wconf 91' lang='lat' dir='ltr'><strong>II,</strong></span> <span class='ocrx_word' id='word_1_4' title='bbox 406 711 448 782; x_wconf 88' lang='lat' dir='ltr'><strong>de</strong></span> <span class='ocrx_word' id='word_1_5' title='bbox 476 712 609 806; x_wconf 64' lang='lat' dir='ltr'><strong>mipene</strong></span> <span class='ocrx_word' id='word_1_6' title='bbox 645 711 789 794; x_wconf 77' lang='lat' dir='ltr'><strong>erroris,</strong></span> <span class='ocrx_word' id='word_1_7' title='bbox 823 705 955 781; x_wconf 87' lang='lat' dir='ltr'><strong>scilieet</strong></span> <span class='ocrx_word' id='word_1_8' title='bbox 988 705 1132 779; x_wconf 80' lang='lat' dir='ltr'><strong>humani</strong></span> 
     </span>
     <span class='ocr_line' id='line_1_3' title="bbox 119 846 1131 946; baseline -0.002 -25"><span class='ocrx_word' id='word_1_9' title='bbox 119 846 163 921; x_wconf 80' lang='lat' dir='ltr'><strong>de</strong></span> <span class='ocrx_word' id='word_1_10' title='bbox 188 848 299 921; x_wconf 89' lang='lat' dir='ltr'><strong>rebus</strong></span> <span class='ocrx_word' id='word_1_11' title='bbox 337 848 482 936; x_wconf 87' lang='lat' dir='ltr'><strong>divinis,</strong></span> <span class='ocrx_word' id='word_1_12' title='bbox 520 849 707 946; x_wconf 88' lang='lat' dir='ltr'><strong>investigat</strong></span> <span class='ocrx_word' id='word_1_13' title='bbox 743 874 880 923; x_wconf 75' lang='lat' dir='ltr'><strong>caussas</strong></span> <span class='ocrx_word' id='word_1_14' title='bbox 909 848 1058 921; x_wconf 89' lang='lat' dir='ltr'><strong>hominis</strong></span> <span class='ocrx_word' id='word_1_15' title='bbox 1082 847 1131 919; x_wconf 90' lang='lat' dir='ltr'><strong>la·</strong></span> 
     </span>
     <span class='ocr_line' id='line_1_4' title="bbox 118 986 1133 1084; baseline 0.004 -25"><span class='ocrx_word' id='word_1_16' title='bbox 118 986 204 1084; x_wconf 81' lang='lat' dir='ltr'><strong>psfis</strong></span> <span class='ocrx_word' id='word_1_17' title='bbox 245 990 282 1063; x_wconf 91' lang='lat' dir='ltr'><strong>in</strong></span> <span class='ocrx_word' id='word_1_18' title='bbox 320 989 527 1065; x_wconf 78' lang='lat' dir='ltr'><strong>idolatriam.</strong></span> <span class='ocrx_word' id='word_1_19' title='bbox 579 991 685 1082; x_wconf 80' lang='lat' dir='ltr'><strong>Quod</strong></span> <span class='ocrx_word' id='word_1_20' title='bbox 709 991 791 1064; x_wconf 86' lang='lat' dir='ltr'><strong>lacit</strong></span> <span class='ocrx_word' id='word_1_21' title='bbox 817 990 1001 1064; x_wconf 87' lang='lat' dir='ltr'><strong>ostendens</strong></span> <span class='ocrx_word' id='word_1_22' title='bbox 1031 1015 1133 1063; x_wconf 88' lang='lat' dir='ltr'><strong>vanas</strong></span> 
     </span>
     <span class='ocr_line' id='line_1_5' title="bbox 120 1130 1133 1232; baseline 0.004 -30"><span class='ocrx_word' id='word_1_23' title='bbox 120 1154 194 1203; x_wconf 89' lang='lat' dir='ltr'><strong>esse</strong></span> <span class='ocrx_word' id='word_1_24' title='bbox 220 1130 410 1229; x_wconf 77' lang='lat' dir='ltr'><strong>religiones</strong></span> <span class='ocrx_word' id='word_1_25' title='bbox 437 1134 593 1207; x_wconf 89' lang='lat' dir='ltr'><strong>Deorum</strong></span> <span class='ocrx_word' id='word_1_26' title='bbox 600 1170 608 1221; x_wconf 92' lang='lat'>;</span> <span class='ocrx_word' id='word_1_27' title='bbox 636 1135 720 1232; x_wconf 90' lang='lat' dir='ltr'><strong>quia</strong></span> <span class='ocrx_word' id='word_1_28' title='bbox 745 1142 864 1208; x_wconf 87' lang='lat' dir='ltr'><strong>contra</strong></span> <span class='ocrx_word' id='word_1_29' title='bbox 888 1134 1133 1206; x_wconf 79' lang='lat' dir='ltr'><strong>conscientiam</strong></span> 
     </span>
     <span class='ocr_line' id='line_1_6' title="bbox 119 1274 1238 1374; baseline 0.003 -29"><span class='ocrx_word' id='word_1_30' title='bbox 119 1284 172 1346; x_wconf 89' lang='lat' dir='ltr'><strong>est</strong></span> <span class='ocrx_word' id='word_1_31' title='bbox 198 1274 333 1348; x_wconf 90' lang='lat' dir='ltr'><strong>multos</strong></span> <span class='ocrx_word' id='word_1_32' title='bbox 361 1276 454 1350; x_wconf 87' lang='lat' dir='ltr'><strong>Deos</strong></span> <span class='ocrx_word' id='word_1_33' title='bbox 479 1302 682 1374; x_wconf 90' lang='lat' dir='ltr'><strong>agnoscere;</strong></span> <span class='ocrx_word' id='word_1_34' title='bbox 709 1278 794 1374; x_wconf 90' lang='lat' dir='ltr'><strong>quia</strong></span> <span class='ocrx_word' id='word_1_35' title='bbox 817 1285 951 1374; x_wconf 83' lang='lat' dir='ltr'><strong>pugnat</strong></span> <span class='ocrx_word' id='word_1_36' title='bbox 973 1301 1056 1350; x_wconf 89' lang='lat' dir='ltr'><strong>oum</strong></span> <span class='ocrx_word' id='word_1_37' title='bbox 1084 1300 1134 1348; x_wconf 89' lang='lat' dir='ltr'><strong>ra·</strong></span> <span class='ocrx_word' id='word_1_38' title='bbox 1227 1288 1238 1299; x_wconf 87' lang='grc'><strong><em>’</em></strong></span> 
     </span>
     <span class='ocr_line' id='line_1_7' title="bbox 120 1415 1135 1517; baseline 0.003 -30"><span class='ocrx_word' id='word_1_39' title='bbox 120 1415 220 1488; x_wconf 90' lang='lat' dir='ltr'><strong>tione</strong></span> <span class='ocrx_word' id='word_1_40' title='bbox 258 1417 429 1505; x_wconf 84' lang='lat' dir='ltr'><strong>humaua3</strong></span> <span class='ocrx_word' id='word_1_41' title='bbox 469 1429 504 1492; x_wconf 91' lang='lat' dir='ltr'><strong>et</strong></span> <span class='ocrx_word' id='word_1_42' title='bbox 541 1419 591 1492; x_wconf 93' lang='lat' dir='ltr'><strong>nil</strong></span> <span class='ocrx_word' id='word_1_43' title='bbox 628 1418 779 1517; x_wconf 91' lang='lat' dir='ltr'><strong>amplius</strong></span> <span class='ocrx_word' id='word_1_44' title='bbox 811 1443 917 1515; x_wconf 89' lang='lat' dir='ltr'><strong>quam</strong></span> <span class='ocrx_word' id='word_1_45' title='bbox 951 1416 1135 1491; x_wconf 86' lang='lat' dir='ltr'><strong>simulacra</strong></span> 
     </span>
     <span class='ocr_line' id='line_1_8' title="bbox 121 1557 1135 1656; baseline 0.001 -25"><span class='ocrx_word' id='word_1_46' title='bbox 121 1557 165 1631; x_wconf 88' lang='lat' dir='ltr'><strong>de</strong></span> <span class='ocrx_word' id='word_1_47' title='bbox 205 1568 301 1633; x_wconf 88' lang='lat' dir='ltr'><strong>terra</strong></span> <span class='ocrx_word' id='word_1_48' title='bbox 339 1563 420 1634; x_wconf 87' lang='lat' dir='ltr'><strong>fieta</strong></span> <span class='ocrx_word' id='word_1_49' title='bbox 459 1571 541 1635; x_wconf 91' lang='lat' dir='ltr'><strong>sunt</strong></span> <span class='ocrx_word' id='word_1_50' title='bbox 573 1562 731 1635; x_wconf 85' lang='lat' dir='ltr'><strong>Numina</strong></span> <span class='ocrx_word' id='word_1_51' title='bbox 758 1561 1007 1643; x_wconf 82' lang='lat' dir='ltr'><strong>Ethnicorum‚</strong></span> <span class='ocrx_word' id='word_1_52' title='bbox 1046 1583 1135 1656; x_wconf 91' lang='lat' dir='ltr'><strong>quae</strong></span> 
     </span>
     <span class='ocr_line' id='line_1_9' title="bbox 122 1699 1135 1796; baseline 0.003 -26"><span class='ocrx_word' id='word_1_53' title='bbox 122 1699 225 1796; x_wconf 82' lang='lat' dir='ltr'><strong>signa</strong></span> <span class='ocrx_word' id='word_1_54' title='bbox 249 1718 333 1776; x_wconf 87' lang='lat' dir='ltr'><strong>sunt</strong></span> <span class='ocrx_word' id='word_1_55' title='bbox 358 1702 505 1778; x_wconf 90' lang='lat' dir='ltr'><strong>deorum</strong></span> <span class='ocrx_word' id='word_1_56' title='bbox 530 1712 751 1776; x_wconf 91' lang='lat' dir='ltr'><strong>mortuorum</strong></span> <span class='ocrx_word' id='word_1_57' title='bbox 775 1712 836 1775; x_wconf 87' lang='lat' dir='ltr'><strong>aut</strong></span> <span class='ocrx_word' id='word_1_58' title='bbox 854 1702 1049 1775; x_wconf 87' lang='lat' dir='ltr'><strong>absentium</strong></span> <span class='ocrx_word' id='word_1_59' title='bbox 1073 1711 1135 1774; x_wconf 88' lang='lat' dir='ltr'><strong>aut</strong></span> 
     </span>
     <span class='ocr_line' id='line_1_10' title="bbox 120 1844 1135 1942; baseline 0.002 -27"><span class='ocrx_word' id='word_1_60' title='bbox 120 1845 371 1940; x_wconf 89' lang='lat' dir='ltr'><strong>praesentium.</strong></span> <span class='ocrx_word' id='word_1_61' title='bbox 425 1848 506 1920; x_wconf 86' lang='lat' dir='ltr'><strong>Post</strong></span> <span class='ocrx_word' id='word_1_62' title='bbox 535 1847 618 1919; x_wconf 86' lang='lat' dir='ltr'><strong>haec</strong></span> <span class='ocrx_word' id='word_1_63' title='bbox 646 1846 690 1921; x_wconf 92' lang='lat' dir='ltr'><strong>de</strong></span> <span class='ocrx_word' id='word_1_64' title='bbox 724 1846 858 1942; x_wconf 89' lang='lat' dir='ltr'><strong>origine</strong></span> <span class='ocrx_word' id='word_1_65' title='bbox 888 1869 1044 1917; x_wconf 89' lang='lat' dir='ltr'><strong>errorum</strong></span> <span class='ocrx_word' id='word_1_66' title='bbox 1073 1844 1135 1917; x_wconf 91' lang='lat' dir='ltr'><strong>hu-</strong></span> 
     </span>
     <span class='ocr_line' id='line_1_11' title="bbox 123 1986 1136 2061; baseline 0.001 -5"><span class='ocrx_word' id='word_1_67' title='bbox 123 2009 313 2058; x_wconf 88' lang='lat' dir='ltr'><strong>manorum</strong></span> <span class='ocrx_word' id='word_1_68' title='bbox 359 1988 465 2061; x_wconf 87' lang='lat' dir='ltr'><strong>rebus</strong></span> <span class='ocrx_word' id='word_1_69' title='bbox 501 1988 539 2060; x_wconf 90' lang='lat' dir='ltr'><strong>in</strong></span> <span class='ocrx_word' id='word_1_70' title='bbox 581 1988 708 2061; x_wconf 85' lang='lat' dir='ltr'><strong>divinia</strong></span> <span class='ocrx_word' id='word_1_71' title='bbox 746 1987 891 2060; x_wconf 89' lang='lat' dir='ltr'><strong>disserit.</strong></span> <span class='ocrx_word' id='word_1_72' title='bbox 948 1986 1066 2058; x_wconf 89' lang='lat' dir='ltr'><strong>Primo</strong></span> <span class='ocrx_word' id='word_1_73' title='bbox 1099 1990 1136 2058; x_wconf 80' lang='lat' dir='ltr'><strong>io</strong></span> 
     </span>
    </p>
   </div>
   <div class='ocr_carea' id='block_1_2' title="bbox 124 2127 1136 2225">
    <p class='ocr_par' dir='ltr' id='par_1_3' title="bbox 124 2127 1136 2225">
     <span class='ocr_line' id='line_1_12' title="bbox 124 2127 1136 2225; baseline 0.002 -28"><span class='ocrx_word' id='word_1_74' title='bbox 124 2130 237 2220; x_wconf 63' lang='lat' dir='ltr'><strong>merie</strong></span> <span class='ocrx_word' id='word_1_75' title='bbox 269 2152 427 2200; x_wconf 88' lang='lat' dir='ltr'><strong>errorum</strong></span> <span class='ocrx_word' id='word_1_76' title='bbox 459 2129 494 2200; x_wconf 88' lang='lat' dir='ltr'><strong>in</strong></span> <span class='ocrx_word' id='word_1_77' title='bbox 521 2128 690 2225; x_wconf 83' lang='lat' dir='ltr'><strong>religione</strong></span> <span class='ocrx_word' id='word_1_78' title='bbox 723 2129 983 2214; x_wconf 89' lang='lat' dir='ltr'><strong>Romanorum,</strong></span> <span class='ocrx_word' id='word_1_79' title='bbox 1008 2127 1136 2200; x_wconf 90' lang='lat' dir='ltr'><strong>deinde</strong></span> 
     </span>
    </p>
   </div>
   <div class='ocr_carea' id='block_1_3' title="bbox 124 2267 1134 2366">
    <p class='ocr_par' dir='ltr' id='par_1_4' title="bbox 124 2267 1134 2366">
     <span class='ocr_line' id='line_1_13' title="bbox 124 2267 1134 2366; baseline -0.001 -27"><span class='ocrx_word' id='word_1_80' title='bbox 124 2269 161 2340; x_wconf 80' lang='lat' dir='ltr'><strong>in</strong></span> <span class='ocrx_word' id='word_1_81' title='bbox 194 2296 321 2366; x_wconf 69' lang='lat' dir='ltr'><strong>ponere</strong></span> <span class='ocrx_word' id='word_1_82' title='bbox 362 2271 520 2345; x_wconf 82' lang='lat' dir='ltr'><strong>omnium</strong></span> <span class='ocrx_word' id='word_1_83' title='bbox 562 2295 719 2343; x_wconf 89' lang='lat' dir='ltr'><strong>errorum</strong></span> <span class='ocrx_word' id='word_1_84' title='bbox 757 2270 927 2366; x_wconf 87' lang='lat' dir='ltr'><strong>originem</strong></span> <span class='ocrx_word' id='word_1_85' title='bbox 973 2267 1134 2366; x_wconf 83' lang='lat' dir='ltr'><strong>explicat.</strong></span> 
     </span>
    </p>
   </div>
   <div class='ocr_carea' id='block_1_4' title="bbox 125 2410 1138 2510">
    <p class='ocr_par' dir='ltr' id='par_1_5' title="bbox 125 2410 1138 2510">
     <span class='ocr_line' id='line_1_14' title="bbox 125 2410 1138 2510; baseline 0.001 -27"><span class='ocrx_word' id='word_1_86' title='bbox 125 2410 291 2501; x_wconf 78' lang='lat' dir='ltr'><strong>Quorum</strong></span> <span class='ocrx_word' id='word_1_87' title='bbox 318 2413 501 2510; x_wconf 86' lang='lat' dir='ltr'><strong>praecipue</strong></span> <span class='ocrx_word' id='word_1_88' title='bbox 530 2412 737 2485; x_wconf 90' lang='lat' dir='ltr'><strong>ultimorum</strong></span> <span class='ocrx_word' id='word_1_89' title='bbox 759 2437 895 2485; x_wconf 84' lang='lat' dir='ltr'><strong>caussas</strong></span> <span class='ocrx_word' id='word_1_90' title='bbox 919 2436 993 2484; x_wconf 88' lang='lat' dir='ltr'><strong>esse</strong></span> <span class='ocrx_word' id='word_1_91' title='bbox 1018 2411 1138 2484; x_wconf 84' lang='lat' dir='ltr'><strong>statuit</strong></span> 
     </span>
    </p>
   </div>
   <div class='ocr_carea' id='block_1_5' title="bbox 127 2554 1140 4218">
    <p class='ocr_par' dir='ltr' id='par_1_6' title="bbox 127 2554 1138 2773">
     <span class='ocr_line' id='line_1_15' title="bbox 127 2554 1138 2662; baseline 0.003 -37"><span class='ocrx_word' id='word_1_92' title='bbox 127 2563 162 2625; x_wconf 89' lang='lat' dir='ltr'><strong>et</strong></span> <span class='ocrx_word' id='word_1_93' title='bbox 192 2555 317 2628; x_wconf 82' lang='lat' dir='ltr'><strong>Chami</strong></span> <span class='ocrx_word' id='word_1_94' title='bbox 341 2565 375 2629; x_wconf 90' lang='lat' dir='ltr'><strong>et</strong></span> <span class='ocrx_word' id='word_1_95' title='bbox 399 2556 610 2662; x_wconf 83' lang='lat' dir='ltr'><strong>posteritatis</strong></span> <span class='ocrx_word' id='word_1_96' title='bbox 636 2556 732 2629; x_wconf 87' lang='lat' dir='ltr'><strong>Noae</strong></span> <span class='ocrx_word' id='word_1_97' title='bbox 758 2554 871 2629; x_wconf 88' lang='lat' dir='ltr'><strong>fidelis</strong></span> <span class='ocrx_word' id='word_1_98' title='bbox 897 2580 918 2627; x_wconf 89' lang='lat' dir='ltr'><strong>a</strong></span> <span class='ocrx_word' id='word_1_99' title='bbox 946 2556 1022 2628; x_wconf 90' lang='lat' dir='ltr'><strong>Deo</strong></span> <span class='ocrx_word' id='word_1_100' title='bbox 1047 2554 1138 2628; x_wconf 85' lang='lat' dir='ltr'><strong>defe-</strong></span> 
     </span>
     <span class='ocr_line' id='line_1_16' title="bbox 127 2697 683 2773; baseline 0.011 -6"><span class='ocrx_word' id='word_1_101' title='bbox 127 2697 280 2770; x_wconf 88' lang='lat' dir='ltr'><strong>ctionem</strong></span> <span class='ocrx_word' id='word_1_102' title='bbox 305 2707 340 2771; x_wconf 89' lang='lat' dir='ltr'><strong>et</strong></span> <span class='ocrx_word' id='word_1_103' title='bbox 364 2699 505 2772; x_wconf 87' lang='lat' dir='ltr'><strong>Diaboli</strong></span> <span class='ocrx_word' id='word_1_104' title='bbox 528 2700 683 2773; x_wconf 89' lang='lat' dir='ltr'><strong>insidias.</strong></span> 
     </span>
    </p>

    <p class='ocr_par' dir='ltr' id='par_1_7' title="bbox 128 2839 1140 4218">
     <span class='ocr_line' id='line_1_17' title="bbox 178 2839 1138 2936; baseline 0 -24"><span class='ocrx_word' id='word_1_105' title='bbox 178 2839 285 2912; x_wconf 82' lang='lat' dir='ltr'><strong>liber</strong></span> <span class='ocrx_word' id='word_1_106' title='bbox 310 2840 387 2925; x_wconf 81' lang='grc' dir='ltr'><strong>ΠΙ,</strong></span> <span class='ocrx_word' id='word_1_107' title='bbox 413 2845 454 2913; x_wconf 80' lang='lat' dir='ltr'><strong>de</strong></span> <span class='ocrx_word' id='word_1_108' title='bbox 470 2844 580 2936; x_wconf 71' lang='lat' dir='ltr'><strong>sclao</strong></span> <span class='ocrx_word' id='word_1_109' title='bbox 603 2843 794 2936; x_wconf 77' lang='lat' dir='ltr'><strong>Sapientia.</strong></span> <span class='ocrx_word' id='word_1_110' title='bbox 842 2841 1022 2913; x_wconf 86' lang='lat' dir='ltr'><strong>Prioribus</strong></span> <span class='ocrx_word' id='word_1_111' title='bbox 1038 2839 1138 2912; x_wconf 88' lang='lat' dir='ltr'><strong>libris</strong></span> 
     </span>
     <span class='ocr_line' id='line_1_18' title="bbox 128 2981 1137 3080; baseline 0.003 -29"><span class='ocrx_word' id='word_1_112' title='bbox 128 2981 334 3055; x_wconf 76' lang='lat' dir='ltr'><strong>refutandae</strong></span> <span class='ocrx_word' id='word_1_113' title='bbox 369 2982 472 3056; x_wconf 85' lang='lat' dir='ltr'><strong>falsae</strong></span> <span class='ocrx_word' id='word_1_114' title='bbox 509 2983 670 3080; x_wconf 81' lang='lat' dir='ltr'><strong>religioni</strong></span> <span class='ocrx_word' id='word_1_115' title='bbox 708 2984 937 3056; x_wconf 84' lang='lat' dir='ltr'><strong>Ethnioorum</strong></span> <span class='ocrx_word' id='word_1_116' title='bbox 966 2982 1137 3068; x_wconf 87' lang='lat' dir='ltr'><strong>addictis,</strong></span> 
     </span>
     <span class='ocr_line' id='line_1_19' title="bbox 130 3121 1137 3224; baseline 0.002 -29"><span class='ocrx_word' id='word_1_117' title='bbox 130 3121 334 3198; x_wconf 86' lang='lat' dir='ltr'><strong>Lactantius</strong></span> <span class='ocrx_word' id='word_1_118' title='bbox 350 3125 386 3196; x_wconf 92' lang='lat' dir='ltr'><strong>in</strong></span> <span class='ocrx_word' id='word_1_119' title='bbox 402 3126 468 3197; x_wconf 85' lang='lat' dir='ltr'><strong>boo</strong></span> <span class='ocrx_word' id='word_1_120' title='bbox 485 3125 643 3223; x_wconf 85' lang='lat' dir='ltr'><strong>procedit</strong></span> <span class='ocrx_word' id='word_1_121' title='bbox 658 3126 907 3224; x_wconf 85' lang='lat' dir='ltr'><strong>impugnatum</strong></span> <span class='ocrx_word' id='word_1_122' title='bbox 924 3150 1046 3198; x_wconf 87' lang='lat' dir='ltr'><strong>eorum</strong></span> <span class='ocrx_word' id='word_1_123' title='bbox 1065 3126 1137 3223; x_wconf 89' lang='lat' dir='ltr'><strong>phi·</strong></span> 
     </span>
     <span class='ocr_line' id='line_1_20' title="bbox 129 3262 1139 3363; baseline 0.003 -27"><span class='ocrx_word' id='word_1_124' title='bbox 129 3262 339 3363; x_wconf 84' lang='lat' dir='ltr'><strong>losophiam,</strong></span> <span class='ocrx_word' id='word_1_125' title='bbox 365 3268 510 3340; x_wconf 87' lang='lat' dir='ltr'><strong>veritate</strong></span> <span class='ocrx_word' id='word_1_126' title='bbox 530 3268 625 3342; x_wconf 84' lang='lat' dir='ltr'><strong>haud</strong></span> <span class='ocrx_word' id='word_1_127' title='bbox 650 3269 767 3341; x_wconf 86' lang='lat' dir='ltr'><strong>minus</strong></span> <span class='ocrx_word' id='word_1_128' title='bbox 792 3276 978 3340; x_wconf 84' lang='lat' dir='ltr'><strong>carentem.</strong></span> <span class='ocrx_word' id='word_1_129' title='bbox 1023 3267 1139 3340; x_wconf 89' lang='lat' dir='ltr'><strong>Prima</strong></span> 
     </span>
     <span class='ocr_line' id='line_1_21' title="bbox 129 3404 1136 3509; baseline 0.004 -32"><span class='ocrx_word' id='word_1_130' title='bbox 129 3404 165 3478; x_wconf 93' lang='lat' dir='ltr'><strong>in</strong></span> <span class='ocrx_word' id='word_1_131' title='bbox 178 3417 276 3505; x_wconf 87' lang='lat' dir='ltr'><strong>perte</strong></span> <span class='ocrx_word' id='word_1_132' title='bbox 296 3408 379 3481; x_wconf 89' lang='lat' dir='ltr'><strong>libri</strong></span> <span class='ocrx_word' id='word_1_133' title='bbox 389 3410 438 3482; x_wconf 85' lang='lat' dir='ltr'><strong>-de</strong></span> <span class='ocrx_word' id='word_1_134' title='bbox 455 3409 676 3509; x_wconf 86' lang='lat' dir='ltr'><strong>Philosophia</strong></span> <span class='ocrx_word' id='word_1_135' title='bbox 697 3410 858 3496; x_wconf 85' lang='lat' dir='ltr'><strong>disserit,</strong></span> <span class='ocrx_word' id='word_1_136' title='bbox 873 3434 982 3507; x_wconf 87' lang='lat' dir='ltr'><strong>quae,</strong></span> <span class='ocrx_word' id='word_1_137' title='bbox 1000 3410 1136 3506; x_wconf 75' lang='lat' dir='ltr'><strong>inquit,</strong></span> 
     </span>
     <span class='ocr_line' id='line_1_22' title="bbox 130 3549 1140 3649; baseline 0.001 -27"><span class='ocrx_word' id='word_1_138' title='bbox 130 3549 215 3645; x_wconf 88' lang='lat' dir='ltr'><strong>quia</strong></span> <span class='ocrx_word' id='word_1_139' title='bbox 232 3554 381 3623; x_wconf 77' lang='lat' dir='ltr'><strong>studium</strong></span> <span class='ocrx_word' id='word_1_140' title='bbox 397 3552 587 3649; x_wconf 89' lang='lat' dir='ltr'><strong>sapientiae</strong></span> <span class='ocrx_word' id='word_1_141' title='bbox 613 3562 683 3638; x_wconf 87' lang='lat' dir='ltr'><strong>est,</strong></span> <span class='ocrx_word' id='word_1_142' title='bbox 709 3577 791 3648; x_wconf 90' lang='lat' dir='ltr'><strong>ergo</strong></span> <span class='ocrx_word' id='word_1_143' title='bbox 817 3577 887 3624; x_wconf 91' lang='lat' dir='ltr'><strong>non</strong></span> <span class='ocrx_word' id='word_1_144' title='bbox 906 3552 982 3649; x_wconf 89' lang='lat' dir='ltr'><strong>ipsa</strong></span> <span class='ocrx_word' id='word_1_145' title='bbox 1007 3560 1059 3623; x_wconf 88' lang='lat' dir='ltr'><strong>est</strong></span> <span class='ocrx_word' id='word_1_146' title='bbox 1083 3576 1140 3623; x_wconf 91' lang='lat' dir='ltr'><strong>sa-</strong></span> 
     </span>
     <span class='ocr_line' id='line_1_23' title="bbox 129 3691 1137 3791; baseline 0.003 -29"><span class='ocrx_word' id='word_1_147' title='bbox 129 3691 275 3787; x_wconf 84' lang='lat' dir='ltr'><strong>pientia3</strong></span> <span class='ocrx_word' id='word_1_148' title='bbox 301 3692 469 3789; x_wconf 84' lang='lat' dir='ltr'><strong>sapientia</strong></span> <span class='ocrx_word' id='word_1_149' title='bbox 484 3693 579 3765; x_wconf 80' lang='lat' dir='ltr'><strong>enirn</strong></span> <span class='ocrx_word' id='word_1_150' title='bbox 597 3719 652 3766; x_wconf 84' lang='lat' dir='ltr'><strong>res</strong></span> <span class='ocrx_word' id='word_1_151' title='bbox 670 3703 722 3768; x_wconf 89' lang='lat' dir='ltr'><strong>est</strong></span> <span class='ocrx_word' id='word_1_152' title='bbox 734 3694 925 3791; x_wconf 87' lang='lat' dir='ltr'><strong>ipsa‚quae</strong></span> <span class='ocrx_word' id='word_1_153' title='bbox 940 3694 1137 3790; x_wconf 89' lang='lat' dir='ltr'><strong>quaeritur;</strong></span> 
     </span>
     <span class='ocr_line' id='line_1_24' title="bbox 131 3833 1140 3932; baseline 0.003 -27"><span class='ocrx_word' id='word_1_154' title='bbox 131 3833 288 3906; x_wconf 79' lang='lat' dir='ltr'><strong>studium</strong></span> <span class='ocrx_word' id='word_1_155' title='bbox 312 3858 395 3908; x_wconf 84' lang='lat' dir='ltr'><strong>vero</strong></span> <span class='ocrx_word' id='word_1_156' title='bbox 420 3835 517 3931; x_wconf 85' lang='lat' dir='ltr'><strong>quod</strong></span> <span class='ocrx_word' id='word_1_157' title='bbox 539 3835 696 3932; x_wconf 42' lang='lat' dir='ltr'><strong>*quaerit3</strong></span> <span class='ocrx_word' id='word_1_158' title='bbox 723 3860 794 3932; x_wconf 91' lang='lat' dir='ltr'><strong>quo</strong></span> <span class='ocrx_word' id='word_1_159' title='bbox 820 3835 937 3908; x_wconf 84' lang='lat' dir='ltr'><strong>studio</strong></span> <span class='ocrx_word' id='word_1_160' title='bbox 961 3835 1006 3907; x_wconf 88' lang='lat' dir='ltr'><strong>ad</strong></span> <span class='ocrx_word' id='word_1_161' title='bbox 1031 3835 1140 3908; x_wconf 89' lang='lat' dir='ltr'><strong>coele·</strong></span> 
     </span>
     <span class='ocr_line' id='line_1_25' title="bbox 131 3977 1139 4075; baseline 0.003 -28"><span class='ocrx_word' id='word_1_162' title='bbox 131 3984 219 4047; x_wconf 89' lang='lat' dir='ltr'><strong>stem</strong></span> <span class='ocrx_word' id='word_1_163' title='bbox 237 3977 439 4073; x_wconf 88' lang='lat' dir='ltr'><strong>sapientiem</strong></span> <span class='ocrx_word' id='word_1_164' title='bbox 457 4003 527 4050; x_wconf 90' lang='lat' dir='ltr'><strong>non</strong></span> <span class='ocrx_word' id='word_1_165' title='bbox 542 3978 756 4075; x_wconf 88' lang='lat' dir='ltr'><strong>pervenitur.</strong></span> <span class='ocrx_word' id='word_1_166' title='bbox 783 3977 908 4073; x_wconf 87' lang='lat' dir='ltr'><strong>Neque</strong></span> <span class='ocrx_word' id='word_1_167' title='bbox 926 3977 991 4049; x_wconf 86' lang='lat' dir='ltr'><strong>hoe</strong></span> <span class='ocrx_word' id='word_1_168' title='bbox 1007 3979 1139 4050; x_wconf 90' lang='lat' dir='ltr'><strong>mirum</strong></span> 
     </span>
     <span class='ocr_line' id='line_1_26' title="bbox 132 4119 1140 4218; baseline 0.003 -29"><span class='ocrx_word' id='word_1_169' title='bbox 132 4126 201 4206; x_wconf 89' lang='lat' dir='ltr'><strong>est,</strong></span> <span class='ocrx_word' id='word_1_170' title='bbox 224 4120 390 4214; x_wconf 85' lang='lat' dir='ltr'><strong>quoniam</strong></span> <span class='ocrx_word' id='word_1_171' title='bbox 402 4119 451 4192; x_wconf 90' lang='lat' dir='ltr'><strong>de</strong></span> <span class='ocrx_word' id='word_1_172' title='bbox 463 4120 569 4194; x_wconf 82' lang='lat' dir='ltr'><strong>rebus</strong></span> <span class='ocrx_word' id='word_1_173' title='bbox 582 4119 866 4215; x_wconf 82' lang='lat' dir='ltr'><strong>intelligibilibus</strong></span> <span class='ocrx_word' id='word_1_174' title='bbox 879 4119 1077 4218; x_wconf 87' lang='lat' dir='ltr'><strong>philosophi</strong></span> <span class='ocrx_word' id='word_1_175' title='bbox 1089 4120 1140 4192; x_wconf 90' lang='lat' dir='ltr'><strong>ui·</strong></span> 
     </span>
    </p>
   </div>
   <div class='ocr_carea' id='block_1_6' title="bbox 0 0 1416 5150">
    <p class='ocr_par' dir='ltr' id='par_1_8' title="bbox 0 0 1416 5150">
     <span class='ocr_line' id='line_1_27' title="bbox 0 0 1416 5150; baseline 0 0"><span class='ocrx_word' id='word_1_176' title='bbox 0 0 1416 5150; x_wconf 95' lang='lat' dir='ltr'><strong> </strong></span> 
     </span>
    </p>
   </div>
  </div>
 </body>
</html>
