2792 5150
743 516 789 584 24

259 721 442 796 Sacrorum
475 723 691 823 Scriptorum
725 724 912 798 falsitatem
945 750 1090 822 arguere
1116 726 1260 798 studuit.

259 865 341 938 Post
365 867 450 937 haec
475 867 668 940 doctrinam
695 867 739 939 de
771 867 905 963 justitia
933 892 1015 939 vera
1041 867 1187 965 scriptor
1212 893 1263 939 er-

257 1006 375 1103 ponit,
414 1032 521 1103 quom
543 992 661 1080 ¹aureo
699 1008 819 1080 statuit
857 1007 995 1081 saeculo
1030 1008 1156 1093 fuisse,
1196 1033 1264 1104 quo

258 1172 371 1221 uuum
400 1149 516 1221 Deum
547 1150 705 1221 homines
734 1149 915 1236 colebant;
943 1150 1010 1221 suh
1036 1150 1123 1222 Jove
1147 1159 1264 1222 autem

257 1290 296 1362 id
331 1300 507 1363 mutatum
546 1316 619 1364 esse
658 1301 763 1389 atque
797 1316 917 1365 omnes
943 1318 963 1363 a
992 1318 1073 1365 vera
1098 1293 1265 1390 religione

259 1432 451 1505 descivisse.
480 1433 547 1505 Per
564 1433 745 1507 Christum
762 1443 901 1507 tantum
919 1435 1077 1520 lustitia,
1104 1434 1126 1507 i.
1143 1459 1171 1507 e.
1198 1434 1266 1506 Dei

259 1573 363 1645 Unici
387 1574 571 1670 religiosus
591 1575 741 1673 piusque
765 1576 884 1648 cultus
907 1577 1020 1648 hacin
1037 1585 1129 1648 terra
1145 1575 1260 1648 rediit.

260 1715 377 1806 Quare
403 1740 551 1811 magnus
572 1741 667 1789 error
693 1726 745 1789 est
769 1718 1010 1815 persecutione
1035 1717 1170 1789 afficere
1188 1741 1262 1802 eos,

259 1857 322 1954 qui
353 1858 488 1930 huncce
514 1858 652 1931 cultum
676 1861 894 1956 profitentur.
947 1860 1067 1950 Quum
1095 1860 1191 1932 enim
1217 1883 1267 1930 er·

260 2001 399 2073 roribus
432 2001 574 2073 obnoxii
606 2009 738 2087 essent,
772 2002 883 2098 magis
912 2011 1049 2100 oportet
1073 2002 1205 2074 ratione
1230 2009 1265 2072 et

259 2141 506 2229 hortamentis,
527 2166 632 2239 quam
648 2144 684 2215 vi
698 2152 734 2216 et
745 2144 927 2217 tormentis
940 2168 998 2215 eos
1011 2144 1054 2215 de
1069 2143 1160 2215 malo
1173 2167 1265 2215 revo

260 2308 347 2356 aare.
386 2284 483 2369 Im0‚
510 2284 638 2357 ethnici
663 2284 828 2357 adversus
849 2284 1052 2357 christianos
1068 2285 1264 2368 insaniunt,

260 2425 425 2524 quoniam
451 2425 574 2498 veritas
594 2451 700 2523 penes
722 2426 784 2498 hos
805 2436 875 2513 est,
901 2450 1008 2522 quam
1024 2426 1267 2499 crudelitatem

260 2568 357 2640 Deus
390 2567 533 2640 omnino
565 2568 736 2667 permittit
768 2578 809 2640 ut
840 2593 962 2641 eorum
986 2568 1094 2641 fidem
1118 2567 1261 2667 probet,

259 2711 319 2783 sed
345 2736 527 2807 nunquam
551 2721 592 2784 ut
616 2720 855 2810 persecutores
879 2711 1024 2810 impune
1050 2712 1232 2808 effugiant.

307 2852 412 2926 Liber
430 2852 499 2940 Vl,
525 2857 566 2927 de
598 2855 685 2926 Vero
714 2855 827 2926 Cultu.
866 2853 971 2925 Nune
994 2854 1188 2925 orationem
1206 2851 1268 2924 La-

259 2994 409 3072 ctantius
437 2995 659 3094 persequitur
696 2995 872 3081 docendo,
911 3019 981 3091 quo
1007 2994 1112 3066 modo
1136 3019 1266 3067 numen

260 3136 419 3210 divinum
436 3138 503 3211 rite
518 3138 706 3211 colendum
723 3137 785 3224 sit;
802 3137 909 3235 idque
927 3138 1000 3234 egit
1016 3137 1266 3234 componendis

260 3277 350 3351 inter
375 3302 411 3350 se
443 3278 787 3351 dissimilitudinibus
818 3289 852 3351 et
882 3279 955 3351 veri
983 3287 1018 3351 et
1043 3279 1121 3351 falsi
1151 3276 1267 3351 cultris

260 3422 337 3494 Dei.
369 3400 498 3494 Statuit
510 3422 767 3495 Ethnioismum
781 3422 908 3495 falsum
921 3447 1010 3506 esse,
1024 3421 1153 3519 quippe
1171 3420 1266 3517 quod

260 3589 359 3637 mens
391 3565 536 3637 colentis
569 3589 606 3637 se
631 3565 708 3638 Deo
741 3565 910 3637 sinceram
939 3562 1268 3659 immaculatamque

260 3705 404 3779 minime
422 3705 523 3778 dicet.
563 3705 613 3779 Ut
629 3715 748 3779 autem
771 3708 869 3780 adest
882 3705 999 3778 cultus
1023 3729 1126 3777 uerus
1152 3713 1187 3777 et
1207 3702 1272 3776 fal-¹

260 3871 338 3933 sue,
377 3847 428 3920 ita
460 3871 600 3945 quoque
637 3847 692 3920 ria
725 3847 856 3946 duplex
888 3855 958 3933 est;
998 3871 1068 3917 una
1105 3870 1194 3942 quae
1231 3845 1267 3915 in

260 3988 374 4061 coelos
403 3989 489 4076 lert,
520 3989 627 4062 altere
657 4015 746 4087 quae
772 3990 816 4062 ad
842 3988 970 4062 inferos
995 3987 1103 4060 ducit.
1155 3987 1268 4059 Philo-

260 4130 360 4228 sophi
392 4131 544 4229 priorem
576 4132 674 4204 illam
708 4132 800 4204 viem
832 4132 960 4204 frustra
1000 4129 1265 4227 quaesiverunt;
