2792 5150
168 751 484 850 Consiliumigitnr
502 778 608 850 supra
621 754 816 852 expositum
832 752 948 824 animo
962 751 1128 824 continuo

4 882 5 885 ¹
91 971 94 976 ,
113 890 298 965 revolvens
322 894 523 967 lactantius
549 895 679 992 incepit
703 895 807 967 hocce
830 919 918 991 opus
938 892 1126 977 eximium,

4 1094 6 1147 p
111 1032 261 1105 Divinas
280 1035 536 1122 institutiones,
554 1036 590 1108 in
603 1036 751 1133 quibus,
764 1037 833 1107 nisi
850 1035 993 1108 omnino
1004 1032 1125 1132 plane,

4 1162 5 1183 ³
110 1175 240 1248 saltem
261 1177 448 1251 maximam
467 1187 601 1276 partem
619 1180 694 1276 ejus
715 1179 895 1277 opiniones
912 1176 1127 1273 theologicae

111 1320 293 1417 expositae
319 1329 401 1394 sunt
422 1322 453 1409 ¹),
507 1322 663 1394 Primum
688 1333 809 1394 auctor
826 1320 1065 1418 quaestionem
1083 1318 1127 1391 de

109 1460 337 1534 Providentia
362 1462 447 1548 Dei,
474 1488 544 1559 qua
569 1472 630 1535 aut
650 1465 734 1536 fecit
751 1472 812 1536 aut
829 1463 919 1558 regit
935 1461 1125 1546 mundum,

4 1710 5 1713 Ἴ
108 1611 320 1700 pertractat,
354 1628 460 1700 quam
495 1605 569 1676 sine
603 1604 676 1676 ulla
710 1605 935 1677 haesitatione
960 1605 1125 1688 affirmat,

109 1769 154 1816 ac
193 1745 332 1842 copiosa
370 1745 662 1818 demonstratione
699 1748 757 1819 vix
793 1747 953 1843 indigere
977 1755 1078 1843 putat
1090 1746 1125 1835 ¹).

4 1880 5 1885 ¹
109 1886 254 1959 Deinde
280 1887 415 1959 erudite
441 1913 594 1961 asserens
621 1914 733 1962 unum
758 1914 831 1961 esse
850 1890 985 1973 Deum,
1003 1887 1128 1961 mnndi

4 2048 6 2129 t
109 2028 221 2126 hujus
256 2029 471 2102 conditorem
511 2040 545 2103 et
582 2032 872 2127 gubernatorem,
906 2031 950 2104 de
978 2031 1055 2103 Deo
1079 2030 1128 2102 ita

109 2168 275 2268 loquitur
309 2182 449 2260 auctor,
484 2184 525 2246 ut
557 2174 816 2271 quodammodo
849 2172 931 2244 inde
965 2171 1128 2268 colligere

109 2313 308 2411 possimne,
336 2313 424 2410 quid
448 2315 522 2411 ipse
547 2315 591 2387 de
616 2314 871 2412 copulaverit,
898 2337 1025 2409 nempe
1041 2310 1128 2409 quid

4 2476 6 2501 ¹
112 2455 180 2540 sit,
208 2453 322 2550 qualis
348 2455 393 2527 sit
418 2465 452 2527 et
476 2456 572 2553 quod
598 2481 690 2527 unus
716 2456 778 2539 sit;
806 2479 896 2551 quae
912 2454 1028 2527 omnia
1045 2454 1128 2526 satis

111 2622 204 2695 pure
230 2596 370 2670 edocuit
383 2598 416 2686 ⁸).
468 2598 586 2670 Deum
615 2598 726 2695 igitur
754 2598 933 2694 religionis
950 2598 1127 2696 objectum

110 2736 240 2810 definit
271 2747 411 2810 mentem
445 2747 619 2811 aeternum
649 2765 692 2810 eu
716 2742 807 2811 omni
820 2747 930 2834 purte
948 2744 1129 2834 perfectae

115 3037 202 3083 zerrte
221 3028 429 3100 Wiederholung
448 3028 519 3083 einer
537 3029 624 3100 liingst
639 3047 822 3101 vergangenen
833 3030 905 3083 zer*
925 3031 981 3084 sein
1004 3030 1127 3084 sollte.'‘''

112 3135 164 3189 Dr.
186 3151 364 3189 ovencncu:
395 3133 437 3188 die
455 3133 598 3205 Theologie
626 3135 671 3189 dea
700 3134 864 3198 Lactantius,
894 3152 954 3206 ptg.
976 3136 998 3188 l.
1018 3136 1046 3189 iu
1065 3153 1126 3205 prc-

112 3247 261 3313 grammate
280 3238 419 3309 Gymnasii
437 3237 623 3303 Fredericiani,
653 3240 694 3293 ed.
718 3240 801 3301 1858,
831 3241 901 3309 apud
926 3241 973 3295 Dr.
993 3256 1127 3295 unumu-

110 3361 245 3403 srnunm
266 3342 406 3398 Schwcrin.

153 3446 178 3512 ¹)
199 3448 262 3505 Loci
285 3449 331 3519 qui
354 3447 457 3520 plenius
475 3448 510 3504 ab
528 3456 635 3503 auctore
653 3448 775 3519 explicati
801 3458 876 3513 sunt,
898 3449 1030 3521 praecipui
1048 3457 1126 3504 sunt:

111 3555 147 3611 de
174 3553 309 3625 Religicne
328 3553 489 3617 Christianum
516 3554 549 3608 de
573 3554 643 3618 Deo,
663 3553 691 3608 in
710 3570 814 3625 genere
835 3554 868 3608 de
888 3555 1069 3617 Providentia;
1090 3555 1124 3611 de

111 3676 178 3714 vero
198 3658 248 3712 Dei
267 3657 340 3712 cultu
360 3657 490 3711 interiore.

151 3757 175 3819 ²)
196 3761 256 3817 Div.
286 3761 352 3816 lust.
381 3760 426 3816 lib.
448 3762 470 3816 1.
490 3780 548 3833 cap.
568 3764 595 3815 2.
635 3764 676 3817 De
703 3763 871 3818 Providentia
895 3763 986 3818 divina
1004 3781 1126 3836 magnam

113 3877 216 3936 partem
245 3867 331 3937 arguit
359 3866 388 3921 in
413 3866 481 3921 libro
508 3867 541 3921 de
570 3868 675 3937 opificio
694 3869 757 3933 Dei,
777 3888 856 3940 quem
874 3869 987 3941 scripsit,
1008 3879 1039 3924 ut
1057 3870 1127 3924 illam

112 3971 141 4025 in
166 3988 275 4041 corpore
299 3970 416 4025 humano
435 3971 612 4042 perlucentem
631 3974 667 4027 ob
686 3974 777 4028 oculos
796 3981 918 4044 poneret,
937 3983 964 4030 et
983 3975 1127 4046 Epicureos

112 4093 170 4130 eam
191 4084 316 4147 negantes
335 4074 470 4130 refutaret.

151 4176 175 4255 ³)
194 4180 256 4242 Div.
276 4181 341 4238 lust.
360 4179 406 4236 lib.
426 4180 448 4235 l.
468 4199 526 4256 cap.
546 4181 630 4248 3-7.
