2792 5150
512 509 651 583 '43

102 746 235 794 smum
273 731 308 795 ct
341 721 598 820 Philosophiam
622 721 870 809 Ethuicorum,
896 733 938 795 ut
965 732 1060 822 petet
1087 747 1128 795 ex

102 862 297 962 prioribus
317 862 416 937 libris
433 862 546 936 tribus
562 862 647 936 Inst.
667 862 887 936 Divinarum.
921 863 995 937 Nec
1012 865 1130 939 minus

103 1028 244 1077 eorum
270 1004 377 1078 fuisse
400 1005 507 1077 finem
530 1003 682 1077 refutare
707 1027 839 1077 errores
859 1004 1128 1103 Epicureorum,

103 1147 172 1244 qui
201 1147 363 1221 divinam
389 1146 648 1221 Providentiam
678 1145 869 1243 negabant,
896 1157 1031 1220 constat
1054 1148 1129 1222 eli·

102 1289 175 1363 bro
205 1290 256 1364 de
281 1289 432 1389 Opificio
457 1289 543 1376 Dei,
566 1313 628 1362 seu
654 1288 699 1362 dc
724 1288 945 1364 Formatione
967 1291 1126 1366 hominis.
1229 1366 1233 1373 ,

103 1429 253 1505 Eorum
279 1432 431 1529 denique
460 1432 676 1531 propositum
705 1432 788 1520 fuit,
816 1432 922 1530 idque
952 1432 1130 1532 eloquenti

104 1573 225 1647 modo
244 1574 406 1647 effectum
420 1583 489 1660 est,
508 1573 611 1646 falsas
622 1574 802 1673 opiniones
816 1573 1010 1649 Stoicorum
1024 1587 1129 1673 atquc

104 1713 393 1814 Epicureorum,
417 1715 611 1790 secundum
636 1741 725 1815 quos
750 1717 827 1790 Deo
852 1717 996 1816 Optimo
1021 1718 1129 1793 Maxi·

105 1881 169 1932 mo
199 1859 257 1932 ira
281 1859 486 1957 abneganda
511 1858 574 1945 sit,
600 1857 769 1932 refellere.
805 1857 944 1949 Quibus
961 1859 1005 1933 de
1023 1860 1128 1935 rebus

105 1999 284 2074 videlicet
308 2000 456 2074 ultimus
480 2000 570 2074 liber
594 2000 638 2073 de
665 2000 723 2073 Ira
748 2000 816 2074 Dei
840 2011 994 2075 testatur.

159 2141 244 2215 Nec
273 2138 516 2217 refutationem
547 2151 686 2216 tautum
716 2166 873 2214 errorum
898 2143 1129 2217 Ethnicorum

107 2282 244 2357 haecce
278 2285 405 2384 scripta
437 2284 539 2358 uobis
571 2283 759 2383 praebent;
795 2308 916 2357 verum
944 2286 1048 2358 etiam
1073 2311 1129 2360 ex·

107 2426 327 2524 positionem
345 2426 521 2500 doctrinae
543 2425 777 2512 Christianae,
799 2426 971 2525 imprimis
991 2428 1027 2501 in
1046 2428 1126 2503 Diu.

109 2566 205 2644 Inst.
239 2552 338 2643 libris
363 2568 454 2655 VII,
486 2593 576 2666 quae
600 2567 683 2642 inde
709 2567 843 2641 alibro
867 2579 992 2667 quarto
1017 2596 1128 2669 usque

110 2712 159 2786 ad
186 2679 296 2786 finem
319 2711 505 2810 invenitur.
557 2711 600 2783 ln
629 2710 706 2785 aliis
732 2719 853 2785 autem
878 2713 1057 2811 opusculis
1082 2713 1127 2787 de

113 2880 156 2929 ea
192 2856 339 2955 sparsim
358 2821 449 2953 'egit
485 2856 629 2928 Auctor.
682 2853 807 2952 Neque
842 2854 880 2927 in
915 2856 1128 2955 expositione

114 3001 197 3099 ejus
220 3000 424 3100 opinionum
453 2987 506 3071 his
534 2998 571 3072 in
601 2997 701 3072 li'bris
726 2990 966 3096 quaerendum
992 3008 1044 3072 est
1069 3000 1128 3073 ali-

114 3142 218 3239 quod
242 3152 392 3240 systema
407 3140 572 3215 omnibus
589 3140 746 3222 numeris
767 3139 967 3213 absolutum
983 3141 1017 3230 ¹).
1047 3140 1126 3214 Non

38 3324 43 3334 ·
116 3310 245 3360 eorum
282 3295 354 3359 erat
392 3252 445 3359 rol
482 3279 668 3389 cinyram
704 3282 878 3357 Ecclesiae
916 3282 1129 3359 Christianae

116 3436 221 3502 acute
255 3428 410 3527 exposita
438 3426 623 3512 exhibere,
662 3427 724 3500 sed
753 3443 793 3499 ea
818 3397 931 3499 mirlto
955 3427 1067 3525 magis
1093 3428 1129 3502 in

121 3616 312 3629 Μ

159 3728 212 3800 ¹),
213 3730 355 3801 ,Quoniam
381 3730 440 3800 plus
467 3746 562 3800 operae
587 3729 615 3784 in
641 3729 713 3784 falsis
739 3729 899 3795 ιιιιιιιιιιάιι,
924 3746 1004 3801 quum
1021 3728 1049 3783 in
1064 3711 1131 3784 vcra

119 3823 306 3892 confirmandis
329 3836 418 3908 posuit
443 3834 609 3900 Lacmmiuc,
634 3833 695 3890 ideo
720 3853 804 3907 pauca
828 3834 889 3890 fldci
913 3813 1018 3891 noculo
1044 3833 1131 3905 capito

119 3942 198 4012 plene
215 3942 249 3997 cb
268 3959 299 3997 co
318 3950 381 3995 sunt
397 3940 527 4011 exposita:
548 3941 678 4013 placaque
688 3950 794 3996 tantum
817 3940 931 4013 osigia?
950 3941 1127 3996 Θιιιιιιιιιιι

119 4046 148 4101 in
167 4047 289 4121 Synthesi
317 4047 453 4102 dochinae
481 4046 628 4102 Ιιιιιιιιιιίίι
658 4037 713 4118 qun
737 4047 771 4101 da
796 4063 823 4101 re
848 4045 967 4102 videno
988 4062 1125 4100 ιιιιιιιιοι

122 4153 164 4207 ιι.
185 4155 258 4209 ιιι.
273 4169 338 4224 pag.
357 4151 509 4207 cxxxut
