2792 5150
587 527 631 596 41

92 731 179 805 fieit.
209 733 268 807 Ex
287 735 347 821 iis,
364 735 427 833 qui
444 736 476 807 ei
493 735 567 808 noti
586 745 699 821 erant,
722 736 791 808 fuit
807 735 986 808 Minucius
999 734 1112 820 Felix,

92 896 166 946 non
193 874 395 971 ignobilem
421 876 565 974 quidem
585 877 677 950 inter
698 875 907 949 caussidieos
923 876 1041 949 locum
1056 876 1114 948 ha-

92 1013 207 1104 bens,
244 1016 307 1090 aed
340 1017 402 1115 qui
434 1017 479 1090 ad
511 1016 670 1090 studium
693 1017 848 1091 veritatis
873 1017 1114 1090 defendendae

92 1180 130 1228 se
149 1181 228 1231 non
244 1167 360 1231 totum
374 1158 534 1233 eontulit.
563 1158 752 1257 Septimius
768 1184 910 1258 quoqne
927 1159 1113 1233 Tertullia-

92 1322 163 1372 nus
196 1301 239 1373 in
265 1300 356 1375 libro
380 1301 594 1400 apologetico
620 1302 784 1376 adversus
809 1315 947 1401 gentes,
972 1303 1116 1377 celebri·

92 1451 213 1516 tatem
241 1468 312 1516 non
334 1444 485 1531 invenit,
499 1444 502 1449 ’
517 1468 730 1541 quamquam
759 1444 958 1519 litterarum
982 1445 1116 1544 peritus

91 1582 189 1671 fuit,
239 1586 322 1682 qnia
358 1585 434 1683 ejus
472 1585 614 1659 dicendi
650 1586 895 1684 scribendique
931 1587 1019 1661 ratio
1057 1587 1116 1660 ola

93 1748 204 1798 seura
231 1736 267 1800 et
298 1727 416 1800 minus
441 1739 557 1801 comta
586 1727 663 1801 fuit.
710 1728 854 1801 Exstitit
879 1728 1022 1826 quidem
1052 1729 1117 1826 Cy·

94 1866 266 1963 prianus,
304 1870 366 1966 qui
404 1880 439 1944 et
476 1895 640 1967 magnam
676 1869 744 1943 sibi
781 1869 929 1967 gloriam
959 1896 1001 1943 ex
1032 1871 1116 1945 artis

97 2012 278 2083 oratoriae
320 2011 533 2109 professione
575 2012 809 2109 quaesiverat,
852 2021 887 2084 et
925 2011 1116 2086 admodum

98 2152 221 2226 multa
245 2154 463 2254 conseripsit,
490 2156 527 2227 in
554 2178 618 2227 suo
638 2178 765 2252 genere
781 2154 948 2227 miranda.
983 2153 1116 2228 Verum

98 2292 266 2386 quamvis
297 2294 439 2391 ingenio
470 2293 586 2379 facili,
613 2294 712 2366 suavi
737 2302 772 2365 et
797 2304 916 2391 aperto
942 2303 1034 2379 erat,
1060 2294 1117 2367 hio

98 2442 224 2509 tamen
254 2434 390 2533 plaeere
429 2435 523 2508 ultra
551 2436 675 2520 verba,
714 2435 907 2508 doctrinam
931 2436 1117 2509 coelestem

100 2577 374 2673 ignorantibus,
417 2580 550 2677 nequit.
603 2580 728 2676 Neque
774 2579 839 2652 hoo
881 2580 1011 2652 mirum
1048 2589 1117 2666 est,

102 2723 275 2816 quoniam
300 2723 374 2819 ejus
399 2722 530 2795 locutio
555 2722 701 2817 mystica
726 2731 834 2794 osteo
851 2721 934 2794 solis
951 2720 1116 2794 fidelibus

103 2865 300 2962 perspicua.
356 2868 575 2961 Argumenta
616 2864 711 2936 enim
751 2862 856 2935 modo
897 2888 916 2935 e
959 2862 1118 2936 fontibus

105 3003 247 3079 Codicis
276 3005 370 3078 Sami
399 3006 540 3078 haurire
573 3004 724 3091 solebat,
751 3029 903 3101 quorum
930 3005 1117 3078 auctoritas

104 3147 204 3244 apud
238 3147 386 3245 gentiles
417 3172 487 3220 non
528 3146 684 3233 valebat,
719 3146 781 3244 qui
810 3146 952 3218 rationis
978 3156 1116 3220 tentum

106 3289 316 3362 testimoniis
349 3288 528 3362 cedebant.
582 3287 699 3378 Quare
729 3312 750 3359 a
778 3288 860 3360 viris
885 3287 996 3360 doctis
1019 3286 1117 3360 illius

107 3429 257 3517 saeculi,
288 3430 417 3527 quibus
441 3430 531 3503 forte
559 3429 634 3526 ejus
658 3428 795 3501 litterae
820 3452 936 3501 sacrae
959 3427 1117 3501 innotue-

108 3586 201 3661 rant,
220 3574 302 3672 plus
315 3574 422 3648 semel
435 3572 659 3646 deridebatur
667 3573 701 3662 ¹).
728 3572 858 3669 Igitur,
877 3582 1032 3671 tempore
1045 3596 1117 3670 quo

109 3714 267 3789 homines
285 3715 373 3789 nihil
394 3715 516 3789 audire
532 3714 588 3786 vel
605 3713 721 3811 legere
739 3712 916 3800 solebant,
933 3714 1001 3787 nisi
1017 3739 1118 3812 expo

109 3856 215 3933 litum
243 3883 283 3931 ae
319 3859 510 3943 disertum;
550 3856 708 3941 saeculo,
735 3856 794 3929 eui
823 3855 1024 3952 eloquentia
1049 3881 1117 3930 ser·

110 4053 303 4068 w

151 4167 174 4232 ¹)
194 4168 264 4221 Vide
283 4168 347 4221 lust.
367 4165 411 4221 lib.
433 4166 468 4219 V.
487 4183 543 4236 oap.
565 4166 584 4219 l.
602 4183 662 4236 pag.
685 4166 750 4227 575,
771 4164 813 4218 ed.
834 4167 1024 4219 elimentum.

984 4267 1000 4319 6
