2792 5150
586 503 632 575 87

102 709 298 783 nonnullae
323 709 513 784 sententiae
537 709 593 782 111
619 709 779 808 exempla
802 710 912 784 dubia
936 711 1115 784 afferentia

101 852 154 926 111
190 852 328 938 valant,
361 851 531 949 quamdin
561 852 621 924 alii
652 826 722 926 loci
753 852 834 926 luce
864 853 990 926 clarius
1015 853 1115 926 111111

101 993 321 1091 loquuntur,
353 1002 388 1067 et
419 994 528 1067 dubia
553 1019 592 1066 ex
619 994 827 1068 certioribus
852 994 1020 1069 illustrari
1040 1020 1116 1093 pos·

102 1146 200 1210 sunt.
319 1162 321 1169 ’

153 1277 263 1371 Quod
285 1278 410 1353 attinet
436 1276 481 1349 ad
506 1277 716 1375 Hieronymi
741 1279 1037 1367 testimonium),
1058 1304 1117 1351 au·

102 1429 241 1493 ctorem
269 1418 402 1494 seilicet
430 1444 547 1495 errore
570 1419 720 1493 tudano
744 1420 780 1493 in
806 1420 906 1493 libris
930 1421 1021 1507 suis,
1048 1444 1118 1494 ma·

103 1562 200 1635 xime
234 1561 272 1634 in
304 1561 469 1659 Epistolis
501 1561 546 1635 ad
574 1562 860 1649 Demetrianum,
886 1586 1013 1659 negare
1038 1561 1118 1635 1111

104 1705 274 1777 stantiam
304 1703 455 1803 Spiritus
484 1702 615 1791 Sancti,
655 1728 725 1777 non
751 1704 851 1777 facile
881 1704 970 1778 effici
994 1712 1116 1803 potest.

105 1845 270 1920 Primum
303 1870 344 1918 ea
378 1846 503 1945 scripta
539 1846 577 1919 in
609 1846 741 1943 quibus
774 1845 969 1944 plurimum
1002 1845 1046 1918 da
1076 1870 1118 1919 eo

106 1990 238 2086 egerit,
265 1989 371 2062 eheu!
399 1988 583 2065 oblivionis
608 1988 736 2087 praeda
760 1989 852 2063 facta
872 1997 972 2075 sunt;
992 1987 1118 2062 deinde

7 2220 9 2233 y
106 2131 211 2205 nulla
238 2130 446 2228 ¹hujusmodi
482 2131 613 2205 mentio
637 2133 674 2204 in
700 2131 798 2205 libris
821 2132 936 2204 adhuc
960 2133 1120 2205 exstanti-

7 2280 9 2367 1
107 2272 178 2347 bus
206 2272 312 2347 adest.
365 2274 461 2359 Imc,
487 2298 531 2347 na
557 2273 632 2347 1111
652 2273 796 2372 quidem
812 2274 849 2346 in
867 2273 910 2346 iis
926 2273 1119 2347 recordatio

7 2380 8 2393 ¹
66 2430 68 2433 ’
107 2415 146 2488 11
174 2425 344 2514 promptu
367 2425 438 2503 111,
461 2441 567 2515 equa
584 2441 728 2515 quoquo
744 2416 849 2490 modo
865 2427 984 2516 patere
995 2418 1117 2516 possit,

7 2572 8 2624 5
94 2566 233 2631 utrum
266 2556 328 2634 ille
361 2556 528 2656 Spiritum
561 2557 728 2633 Sanctum
757 2584 820 2658 pro
845 2585 990 2657 persona
1015 2585 1118 2657 agno·

7 2677 9 2692 ¹
107 2700 202 2773 verit
226 2724 290 2773 nec
315 2725 369 2774 ne.
422 2701 502 2775 Hoc
528 2701 649 2776 saltem
671 2712 807 2777 certum
823 2711 893 2790 est,
912 2703 1028 2800 quoad
1045 2704 1119 2801 ejus

109 2842 240 2939 scripta
265 2842 457 2941 posteritati
482 2844 608 2918 tradita
628 2853 730 2931 sunt,
757 2843 807 2918 nil
831 2845 1023 2944 reperimus
1048 2870 1119 2942 quo

7 2951 8 2954 Ἴ
108 2984 194 3057 talis
215 2983 435 3083 reprehensio
460 2986 621 3060 affirmari
646 2987 772 3085 possit,
793 2987 861 3060 nisi
878 3012 919 3060 ex
936 2988 1120 3061 omissione

110 3125 169 3199 vel
187 3150 227 3197 ex
246 3150 302 3213 ec,
321 3127 417 3223 quod
433 3152 504 3200 non
521 3129 681 3228 explicite
698 3137 733 3203 et
747 3129 907 3202 distincte
920 3155 1120 3229 expressum

111 3277 185 3353 est,
212 3266 256 3339 ad
281 3269 501 3365 negationem
526 3270 789 3345 concludamus.

164 3409 323 3483 Tandem
348 3411 521 3485 Lactantii
546 3413 686 3511 propria
719 3422 792 3485 erat
820 3413 937 3511 opinio
962 3413 1120 3486 Millena·

112 3551 268 3638 riorum,
314 3577 403 3650 quae
447 3578 588 3652 quoque
627 3554 723 3628 haud
758 3579 884 3653 parum
921 3555 1041 3628 attulit
1076 3554 1121 3628 ad

34 3684 40 3698 ’
113 3692 219 3765 illum
256 3694 592 3791 reprehendendum.
658 3696 750 3770 Nam
785 3697 909 3771 haecce
951 3698 1122 3771 sententia

115 3939 290 3993 anerlrannt.”
311 3939 455 3994 Donnes:
475 3939 820 4013 Entwisklungogeschichte
838 3942 885 3996 der
903 3941 986 3996 Lehre
1004 3959 1057 3996 rou
1076 3941 1122 3995 der

116 4043 216 4097 Person
234 4041 347 4107 Christi,
366 4051 386 4097 t.
405 4044 427 4098 1.
446 4062 507 4116 pag.
528 4044 580 4105 791
602 4046 630 4100 in
648 4048 714 4111 fine,
733 4046 775 4102 ed.
794 4049 926 4117 stuttgart
946 4049 1025 4102 1845.

156 4143 180 4211 ¹)
200 4148 232 4201 ln
251 4146 336 4218 Epist.
355 4146 389 4200 ad
410 4148 603 4204 Pammaehum.
