2792 5150
707 420 753 488 52

225 651 296 723 quo
309 626 550 714 dubitabitur,
567 653 648 701 nam
664 629 701 700 in
715 651 840 700 vocum
859 625 1083 725 dispositione
1099 632 1238 698 tantam

224 776 377 839 sectatur
401 768 623 855 suavitatem,
650 778 691 841 ut
713 769 864 841 Romani
885 767 1028 840 oratoris
1047 766 1238 863 ingenium

225 910 299 1007 ejus
332 909 464 982 locutio
494 910 657 984 redoleat.
709 912 761 983 Ao
800 910 879 1008 quis
916 919 995 1007 post
1028 909 1237 982 Ciceronem

223 1051 269 1122 ad
297 1052 392 1124 huno
432 1052 579 1124 modurn
620 1052 762 1149 linguae
799 1052 976 1124 Romanae
1005 1060 1076 1123 tarn
1100 1051 1237 1147 peritus

225 1191 311 1277 fuit,
353 1217 460 1290 quam
493 1192 616 1264 Cicero
649 1192 888 1265 Christianus?
929 1192 1027 1264 Num
1060 1192 1092 1263 ei
1120 1190 1238 1264 abfui-t

225 1333 363 1431 pulohri
380 1343 414 1405 et
437 1334 572 1406 venusti
598 1359 734 1419 sensus,
753 1334 816 1432 qui
829 1334 874 1406 ad
887 1333 1122 1431 eloquentiam
1138 1332 1237 1405 haud

226 1500 350 1572 parum
367 1475 577 1573 requiritur?
610 1475 764 1548 Omnino
781 1476 1058 1548 Christianorum
1075 1474 1237 1547 omnium

226 1641 374 1714 operum
410 1616 677 1690 facundissimae
710 1628 793 1691 sunt
829 1617 999 1691 Leotantii
1023 1616 1237 1689 lucubratio·

228 1782 290 1830 nes
316 1766 350 1830 et
376 1782 502 1829 sonum
527 1758 658 1830 habent
681 1757 784 1855 plane
810 1757 1085 1830 Ciceronianum.
1105 1758 1138 1842 ¹).
1190 1757 1236 1828 In

227 1899 269 1971 iis
299 1899 392 1972 enim
418 1899 615 1972 invenimus
645 1899 781 1986 omnia,
811 1924 900 1997 quae
930 1900 975 1971 ad
999 1899 1105 1972 talem
1129 1924 1238 1972 asser·

228 2042 359 2114 tionem
385 2041 624 2115 affirmandam
648 2066 737 2140 opus
755 2050 846 2114 sunt.
881 2041 932 2113 Ea
948 2040 1126 2127 videlieet,
1143 2065 1239 2137 quae

229 2184 323 2256 bono
362 2183 451 2280 stylo
491 2183 636 2280 linguae
673 2184 818 2257 Latinae
849 2185 1091 2282 requiruntur,
1116 2184 1169 2256 his
1197 2185 1239 2256 in

225 2326 364 2424 seriptis
389 2326 426 2398 in
451 2336 617 2425 promptu
641 2335 734 2399 sunt.
778 2326 1057 2424 Distinguuntur
1080 2326 1238 2425 profecto

226 2493 339 2565 quum
365 2468 627 2567 perspicuitate,
644 2477 723 2541 tum
747 2470 913 2541 suavitate
939 2478 974 2541 et
994 2469 1161 2566 gravitate
1172 2469 1207 2558 ³).

230 2661 412 2674 m

226 2790 296 2844 enim
314 2807 370 2844 non
389 2772 511 2853 advertit,
544 2789 713 2844 Lactantium
741 2790 900 2844 Firmianum
929 2807 1053 2861 aequasse
1078 2789 1178 2860 ipsum,
1208 2800 1237 2845 et

226 2894 294 2949 forte
322 2894 500 2965 praecelluisse
528 2894 555 2946 in
584 2893 733 2965 eloquendo
741 2895 769 2948 P‘
808 2911 890 2950 arcus
911 2910 1166 2950 nrannnuuanua:
1187 2895 1234 2952 lib.

225 3001 258 3055 de
277 3000 347 3054 Hist.
367 2999 419 3053 div.
440 2999 507 3053 Phil.
527 3016 549 3053 c.
570 2998 596 3059 7.

265 3101 288 3167 ¹)
308 3106 363 3175 „Le
381 3104 447 3175 style
466 3105 499 3157 de
518 3103 628 3158 Oioeron
647 3104 717 3157 avait
736 3104 760 3158 le
778 3105 880 3158 modale
899 3105 935 3157 du
953 3105 1021 3167 sien,
1035 3105 1234 3174 mimepurete,

225 3214 310 3266 meme
328 3210 445 3274 natural,
465 3210 549 3263 meme
568 3208 699 3273 noblesae‚
719 3212 803 3263 mame
822 3209 951 3281 eleganoe.
990 3210 1061 3264 C'est
1086 3227 1115 3263 oe
1137 3209 1185 3280 qui
1210 3209 1235 3263 le

226 3317 257 3371 fit
274 3315 380 3386 appeler
398 3316 422 3371 le
445 3316 550 3369 Oieeron
573 3314 717 3368 Chrdtieal’
741 3313 945 3384 Eneyelopedie,
965 3331 1000 3367 ou
1020 3313 1090 3367 Diet.
1104 3313 1236 3367 universal

225 3421 349 3477 raisonno‘
376 3421 422 3474 des
449 3418 647 3474 connaissances
674 3418 817 3472 humaines.
855 3419 931 3472 Tom.
960 3419 1049 3473 XXV.
1079 3436 1139 3490 pag.
1168 3420 1234 3479 475.

225 3525 358 3580 Yverdon.
380 3525 460 3584 1773.

263 3624 286 3692 ²)
307 3630 362 3697 „Ge
380 3628 426 3700 qui
446 3627 577 3700 distingue
595 3636 701 3682 surtout
720 3628 756 3682 les
776 3646 904 3701 ouvrages
923 3629 957 3682 de
975 3629 1117 3692 Laetanoa
1136 3629 1199 3682 c’est
1208 3628 1236 3683 la

225 3737 318 3805 purete
345 3743 371 3789 et
399 3734 538 3806 l'eleganoe
565 3736 602 3788 du
632 3734 724 3806 style.”
764 3735 840 3789 Gna.
870 3752 955 3789 mun.
975 3752 1074 3790 uncos.
1104 3736 1235 3791 Laotanee

226 3858 287 3911 pag.
299 3841 345 3903 10,
364 3840 391 3894 in
402 3840 518 3894 med-
537 3840 615 3909 „Seia
626 3839 806 3910 stylianus,
826 3840 1172 3911 anmuthigundfliesaend;
1193 3841 1236 3895 ost

227 3944 330 3999 zierlieh
349 3947 404 3999 und
423 3945 550 4008 erhaben;
571 3964 632 3999 man
651 3946 697 4000 hat
717 3946 761 3999 ihu
781 3945 854 4000 nicht
872 3946 920 4000 mit
938 3946 1056 4000 Unreoht
1074 3947 1126 4000 den
1140 3948 1236 4000 chrest-

228 4051 310 4104 lichen
333 4051 420 4105 Cicero
438 4051 581 4122 genennt.'’
601 4051 738 4106 Faiioou:
758 4068 818 4126 pag.
839 4050 893 4104 239
913 4068 1048 4126 supra.—
1066 4050 1136 4107 Vide
1154 4050 1237 4111 etiam
