2792 5150
602 540 646 610 17

112 753 275 843 temque,
308 726 439 844 quanta
473 748 580 821 fuerit
604 749 770 834 ostendit;
797 750 900 822 etad
925 749 1126 822 metamla·
1164 736 1167 743 ’

110 887 210 960 boris
244 898 444 986 provectus,
483 891 755 989 disputationem
789 892 832 964 de
866 893 981 964 anima
1016 892 1124 965 addit.

111 1027 215 1119 Quae
248 1031 367 1102 omnia
398 1031 576 1128 ingeniose
608 1032 699 1129 egit,
734 1033 890 1118 etiamsi,
916 1034 993 1131 ipso
1019 1035 1126 1106 faten-

110 1179 167 1255 te,
196 1171 382 1244 obscurius
417 1172 555 1246 locutus
586 1182 655 1259 est,
695 1199 802 1271 quam
832 1174 959 1248 decuit.
1012 1175 1126 1272 Magis

110 1311 282 1385 videlicet
317 1313 552 1412 philosophice
577 1340 651 1388 rem
677 1318 852 1403 tractavit3
879 1317 975 1414 qnod
1008 1326 1124 1390 temen

112 1455 357 1528 Christianum
379 1481 448 1528 non
468 1456 630 1553 impedit,
649 1458 838 1555 quominus
854 1468 1038 1558 praecepta
1051 1484 1125 1532 coe·

110 1593 218 1668 lestia
240 1622 282 1669 ex
306 1597 371 1670 hoc
396 1596 517 1671 libello
542 1600 681 1674 haurire
706 1600 824 1698 possit.

162 1737 199 1809 b.
243 1739 509 1812 Institutionum
535 1742 741 1813 Dte-toccum
771 1741 852 1813 libri
878 1742 968 1826 Vll,
994 1741 1125 1838 quibus

112 1878 289 1951 lactantii
305 1879 396 1954 fama
413 1881 600 1954 maximam
617 1892 751 1980 partem
774 1884 919 1957 fundata
936 1894 997 1957 est.
1024 1886 1125 1958 Tem·

111 2038 181 2114 pus
219 2030 338 2093 autem
373 2048 444 2121 quo
473 2024 557 2096 haec
587 2024 786 2098 lucubratio
816 2025 992 2099 elaborata
1020 2035 1124 2124 atque

111 2159 149 2232 in
177 2161 297 2236 lucem
323 2165 426 2236 missa
447 2165 569 2252 luerit,
602 2168 741 2265 saepius
774 2167 811 2240 in
837 2168 1124 2265 disceptationem

111 2313 277 2377 vocatum
290 2316 351 2379 est.
378 2307 467 2380 Mihi
479 2317 595 2381 tamen
609 2319 704 2382 certo
717 2309 844 2382 certius
857 2311 996 2383 videtur
1008 2321 1124 2384 aucto·

113 2471 190 2519 rem
207 2447 289 2519 huic
308 2448 402 2546 operi
420 2475 562 2522 manum
582 2451 790 2549 imposuisse
807 2451 1024 2549 temporibus
1041 2478 1124 2524 sane

113 2589 293 2674 tristibus,
332 2615 402 2687 quo
439 2592 616 2664 christiani
653 2591 810 2666 homines
848 2618 868 2665 a
905 2594 1123 2666 Diocletiano

114 2732 347 2821 vexabantur;
389 2735 497 2831 idque
533 2734 685 2807 edidisse
721 2735 811 2808 circa
836 2759 968 2808 annum
999 2740 1070 2808 320
1088 2737 1121 2825 ¹).

155 3020 178 3086 ¹)
198 3023 280 3083 Quod
299 3021 377 3078 etiam
395 3022 480 3076 voluit
499 3039 542 3076 sn.
560 3038 705 3078 anuuzius
720 3022 749 3076 in
759 3022 829 3076 notis
838 3024 871 3077 ad
887 3022 982 3077 librum
999 3022 1031 3076 de
1041 3023 1122 3077 Most.

115 3128 187 3182 Pers.
207 3128 235 3181 in
254 3127 369 3181 secunda
388 3126 520 3181 Editione.
550 3127 679 3181 Videatur
696 3144 738 3182 nu
754 3144 902 3190 canonos,
913 3128 954 3181 ed.
966 3128 1039 3181 Lect.
1051 3143 1123 3196 oper.

115 3233 168 3289 vol.
197 3233 236 3294 ΙΙ,
262 3250 324 3303 pag.
344 3232 407 3292 278.
447 3234 545 3300 „Sane‚
571 3232 671 3304 inquit,
692 3232 844 3286 Lactantius
863 3232 956 3286 Libros
975 3232 1037 3287 Div.
1057 3232 1124 3287 lust.

116 3337 219 3408 scripsit
238 3337 340 3391 furente
358 3337 551 3408 persecutione,
573 3336 601 3390 iu
619 3335 678 3406 ipso
697 3336 753 3405 ejus
771 3335 862 3402 initio,
882 3345 913 3390 ut
931 3354 963 3391 ex
975 3336 1068 3407 capite
1084 3355 1123 3391 se·

116 3444 206 3498 cundo
230 3452 259 3497 et
282 3451 377 3514 quarto
395 3442 412 3497 l.
435 3446 449 3495 5
469 3442 613 3513 colligitur3
633 3443 678 3496 sed
698 3459 753 3496 non
772 3441 869 3500 emisit,
890 3442 1034 3511 impeditus
1052 3441 1124 3495 vide·

115 3548 177 3603 licet
193 3548 231 3601 rei
249 3556 277 3602 et
295 3547 419 3618 temporis
438 3547 603 3610 necessitate,
621 3556 653 3601 ut
667 3547 723 3617 ipse
743 3547 862 3618 loquitur
876 3547 905 3599 in
923 3546 1050 3616 principio
1065 3545 1125 3600 libri

114 3653 148 3706 de
165 3652 230 3723 opii.
241 3653 430 3707 Dei.”-Nec
450 3652 525 3706 aliter
542 3669 686 3706 acaunus
705 3651 733 3705 in
742 3651 798 3721 ejus
808 3651 868 3705 Vol.
879 3652 905 3705 ll
925 3651 958 3705 ot
970 3652 1015 3705 the
1031 3650 1123 3705 Credi·

112 3758 189 3828 hility
210 3757 242 3811 ol
256 3757 301 3811 the
320 3756 543 3828 &spel-history,
557 3774 616 3828 pag.
628 3758 682 3809 263
691 3755 786 3820 sensit,
806 3756 936 3809 dicendo²
952 3756 1032 3824 „And
1044 3756 1124 3810 when

112 3862 206 3916 lreed
235 3862 279 3916 the
306 3861 486 3925 institutione,
515 3861 527 3914 l
556 3878 599 3914 am
625 3860 747 3930 disposed
766 3868 797 3913 to
815 3860 937 3913 consider
955 3859 1040 3923 them,
1059 3878 1089 3913 as
1108 3878 1125 3913 a

114 3968 187 4020 work
206 3967 359 4037 composed,
380 3967 420 4022 tor
438 3966 483 4020 the
502 3973 572 4019 most
589 3965 784 4035 pemittant,
804 3964 888 4018 under
903 3964 948 4017 the
958 3963 1123 4033 persecution

114 4073 146 4127 ot
161 4073 322 4136 Diocletiau3
349 4071 449 4143 though
469 4071 581 4142 perhaps
604 4070 666 4142 they
685 4087 752 4124 were
771 4078 821 4123 not
839 4067 977 4139 publisbed
996 4068 1036 4123 till
1055 4069 1125 4122 atter

115 4178 135 4231 it
159 4195 213 4231 was
241 4195 310 4231 over.
349 4178 374 4231 lt
392 4177 414 4231 ia
432 4176 525 4247 likely,
544 4175 603 4229 that
620 4175 707 4229 others
726 4175 755 4228 iu
773 4173 882 4243 reading
900 4172 953 4227 thir
971 4174 1058 4236 work,
1077 4190 1123 4227 cx·
1182 4208 1185 4214 -

985 4276 1003 4330 8
