2792 5150
758 518 804 587 32

276 726 445 820 Sympoem'
473 727 654 815 Poetae)
708 726 776 799 Vet
761 735 851 798 teres
885 736 944 799 ant
946 752 1001 798 ern
1029 753 1070 800 ea
1099 726 1284 825 Symposio

276 867 413 939 cuidam
435 868 653 941 tribuebant
622 878 784 966 t3quare
802 870 868 941 vin
858 869 979 942 ’Μοο
1003 869 1075 943 fere
1096 896 1217 943 omnes
1244 896 1284 943 ac

275 1010 476 1107 praesertim
514 1010 694 1084 Fabricius
731 1035 836 1108 quarn
878 1011 1024 1084 minime
1064 1036 1145 1085 cum
1185 1012 1284 1085 Heu-

277 1175 404 1223 manno
420 1151 552 1224 faciunt
568 1151 773 1248 dictumque
798 1151 930 1224 librum
956 1154 1116 1250 spurium
1140 1153 1282 1227 habent.

324 1319 353 1366 o.
394 1295 535 1367 Carmen
553 1299 594 1367 de
605 1297 787 1381 Phoenice,
806 1296 901 1392 quod
919 1295 1088 1368 Heinsius
1106 1305 1142 1369 et
1158 1296 1284 1369 Petrus

275 1436 662 1534 Lambeciustanquam
675 1438 846 1510 Lactantii
859 1462 947 1535 opus
960 1448 1164 1534 agnoscunt.
1198 1439 1283 1526 Sed,

275 1578 433 1675 quamvis
470 1577 514 1649 ab
553 1577 808 1674 elegantissimo
844 1587 947 1676 poeta
983 1580 1152 1677 scriptum
1177 1580 1285 1653 fuisse

276 1719 428 1803 videtur,
451 1730 566 1791 tamen
590 1745 675 1791 num
698 1716 877 1791 Lactantio
899 1720 1127 1793 tribuendum
1144 1723 1189 1792 sit
1207 1746 1286 1818 gra·

275 1861 362 1933 viter
385 1854 578 1934 dubitatur.
631 1862 767 1947 Prim0‚
798 1834 835 1934 iit
860 1861 968 1934 nullis
992 1862 1175 1935 codicibus
1198 1864 1286 1936 anti·

276 2003 453 2100 quissimis
476 2004 669 2088 invenitur;
697 2014 774 2074 tum
801 2003 844 2075 de
870 2027 911 2075 eo
936 2028 1007 2075 una
1032 2029 1113 2075 curn
1135 2029 1279 2101 sequen-

278 2142 372 2216 tibus
404 2169 467 2216 neo
497 2144 737 2241 Hieronymus
766 2170 925 2242 unquam
953 2144 1051 2216 locut
1037 2156 1093 2217 tus
1120 2157 1191 2231 est,
1159 2146 1285 2218 tubi

278 2286 430 2359 auctoris
446 2287 555 2358 nostri
571 2312 719 2385 operum
739 2288 951 2360 mentionem
971 2287 1102 2376 facit.)
1139 2287 1286 2360 Accedit

277 2426 373 2524 quod
400 2428 511 2524 magis
537 2453 574 2499 re
574 2428 764 2502 tionemt
730 2429 904 2502 ethnicam
929 2453 1034 2526 quarn
1061 2429 1285 2501 christianam

279 2569 432 2643 redoleat
447 2569 481 2660 ⁸).
524 2569 661 2661 Quibus
687 2571 792 2643 rebus
819 2571 981 2644 Bartbius
1007 2571 1201 2667 suspicatur
1220 2570 1286 2643 Ve-

282 2765 469 2775 m

318 2892 342 2962 ¹)
360 2898 477 2963 „Ansam
496 2911 557 2949 vero
574 2894 683 2964 arripuit
697 2893 768 2948 baud
785 2895 864 2948 dubie
879 2912 1069 2951 annuerimus
1086 2895 1225 2950 Lactantio
1241 2895 1285 2949 tri-

279 3000 377 3054 buendi
405 2999 468 3053 haee
495 2998 655 3071 aenigmata,
684 3000 756 3069 quod
783 3001 812 3053 in
840 2999 996 3071 quibusdam
1025 3000 1184 3055 editiombus
1203 3000 1286 3055 coelii

280 3105 402 3160 Firmiani
417 3106 523 3160 titulum
542 3123 604 3176 prae
622 3123 650 3160 se
665 3104 765 3168 ferunt;
785 3113 812 3159 et
830 3123 924 3160 nomen
946 3109 1052 3177 poetae,
1072 3107 1119 3177 qui
1140 3110 1285 3179 Symposius

280 3209 427 3267 dicebatur.
440 3209 544 3281 putavit
562 3211 731 3281 symposium,
747 3209 764 3264 i.
781 3228 803 3263 e.
832 3209 990 3265 Convivium
1010 3210 1202 3266 inscribendum
1222 3230 1284 3266 esse.

280 3313 323 3368 Sic
340 3313 419 3367 etiam
437 3315 592 3367 recentiores
611 3312 718 3383 quidam
737 3313 876 3367 ediderunt
897 3314 1027 3368 Sermones
1046 3316 1197 3369 convivales.
1239 3319 1285 3368 At·

280 3426 366 3471 tamen
395 3416 490 3472 eruditi
518 3416 561 3470 atii
584 3435 688 3480 omnes,
715 3434 745 3470 ac
764 3417 914 3487 praesertim
934 3420 1013 3473 Joan.
1035 3418 1134 3473 Albert.
1155 3419 1287 3473 Fabricius

280 3541 335 3576 non
364 3521 485 3576 abierunt
512 3522 539 3576 in
567 3539 733 3578 enumerem
757 3523 938 3580 senteutiam.”
976 3524 1023 3578 Du
1043 3541 1191 3587 summor,
1213 3526 1284 3579 Lact.

283 3646 352 3697 oper.
373 3627 425 3681 vol.
444 3628 479 3683 II.
500 3646 560 3699 pag.
581 3628 634 3682 251
655 3628 683 3683 in
704 3638 777 3682 nota.

319 3729 343 3791 ²)
363 3732 403 3801 „11
430 3751 449 3804 y
476 3750 491 3786 a
518 3750 611 3787 encore
638 3732 703 3786 trois
731 3734 837 3803 poemes
864 3732 1029 3787 attribuere
1049 3736 1192 3799 Lactarius,
1220 3737 1285 3790 dont

204 3911 207 3918 ι
282 3838 442 3892 sermome
461 3856 494 3892 ne
514 3837 562 3891 fait
579 3855 682 3892 aucune
700 3837 830 3899 mention,
848 3837 895 3907 qui
912 3854 945 3891 ue
961 3855 989 3891 se
1004 3847 1129 3893 trouvent
1138 3840 1215 3911 point
1223 3841 1287 3894 dans

282 3942 318 3996 les
335 3943 440 3997 enciens
453 3944 607 3998 manuscrits
626 3952 652 3997 et
667 3944 713 4013 qui
732 3962 779 4013 par
794 3953 969 4014 consequent,
987 3945 1093 3999 suivant
1106 3955 1192 4000 toutes
1208 3956 1286 4001 sortes

281 4046 477 4117 d'apparences,
498 4065 532 4100 ne
550 4056 611 4102 sont
627 4047 705 4117 point
720 4047 753 4101 de
768 4047 831 4101 lui.'’
856 4048 901 4103 Du
919 4065 986 4101 rur:
1006 4050 1093 4103 Nouv.
1105 4050 1173 4105 Bibl.
1188 4070 1214 4121 p.
1225 4051 1284 4105 208.

320 4147 344 4213 ¹)
366 4153 410 4208 Du
425 4168 477 4207 rm
496 4152 529 4206 de
547 4151 598 4207 hoc
615 4152 729 4207 carmine
747 4152 784 4206 sic
802 4152 906 4207 locutus
924 4162 980 4207 est:
1009 4155 1045 4207 Le
1064 4155 1174 4225 premier
1193 4165 1232 4210 est
1249 4173 1283 4209 un
