2792 5150
754 501 775 573 3

260 736 341 785 sane
361 711 518 799 libellos,
535 737 623 809 quos
648 709 791 809 λογοὺς
814 709 1037 806 φιλαληθεῖς
1063 709 1152 811 πρὸς
1177 706 1274 798 τοὺς

261 855 499 953 χριστιανούς
523 854 717 953 inscripsit,
752 862 994 952 composuerat
1007 855 1054 944 ¹)?
1104 854 1275 945 Quorum

261 998 462 1096 praesertim
488 997 703 1070 mentionem
728 995 810 1069 iecit
834 1005 955 1069 auctor
978 1020 1052 1094 cap.
1085 999 1126 1082 3,
1152 994 1216 1067 lib.
1240 993 1272 1066 V
1375 1018 1376 1039 ¹

260 1140 526 1213 Institutionum
552 1139 653 1226 Diu,
678 1163 900 1236 quorumque
926 1147 1046 1211 contra
1062 1137 1274 1235 scriptorem

136 1274 138 1282 ⁴
260 1280 356 1353 haud
387 1280 506 1378 paucis
532 1278 644 1352 verbis
671 1279 885 1352 Christianae
908 1279 1085 1376 religionis
1111 1302 1275 1351 caussam

261 1421 439 1495 vindicare
463 1421 601 1495 studuit
615 1421 650 1512 ¹).
686 1422 825 1514 Quibus
850 1422 1015 1495 omnihus
1039 1422 1145 1494 rebus
1167 1421 1275 1494 nobis
1376 1390 1377 1395 Ἰ

262 1572 413 1651 constat,
447 1564 667 1638 Lactantium
692 1565 769 1638 sine
802 1564 913 1638 dubio
933 1565 1006 1662 jam
1031 1573 1111 1637 aute
1136 1587 1274 1637 anuum

264 1708 335 1778 303
361 1704 598 1778 Christianum
623 1705 740 1778 fuisse.

311 1849 482 1940 Quisnam
520 1849 687 1948 praeclari
724 1850 832 1946 hujus
876 1850 942 1922 viri
987 1860 1084 1947 pater
1118 1857 1275 1922 materve

265 1990 389 2078 fuerit,
423 1990 478 2064 vel
508 2015 595 2088 quos
628 1991 826 2089 propinqua
857 1991 1064 2088 cognatione
1097 1990 1273 2087 attigerit,

264 2156 333 2204 non
360 2132 474 2205 elucet
500 2157 541 2205 ex
565 2133 729 2219 historia,
756 2134 884 2207 hancce
911 2158 986 2206 rem
1011 2131 1151 2206 silentio
1171 2156 1273 2230 prae·

265 2283 434 2349 tereunte.
469 2277 511 2348 In
524 2275 685 2373 Epitome
703 2275 848 2372 quidem
862 2274 1075 2348 mentionem
1091 2274 1173 2347 facit
1186 2275 1274 2347 Pen-

266 2417 351 2489 tadii
375 2416 504 2504 fratris,
531 2417 592 2491 sed
617 2442 688 2514 quo
716 2442 820 2490 sensu
837 2417 902 2489 hoc
918 2415 1190 2513 intelligendum
1208 2415 1272 2499 sit,

267 2566 388 2632 utrum
413 2559 445 2632 ei
469 2559 575 2633 frater
601 2559 772 2657 sanguiue
797 2559 921 2646 fuerit,
948 2584 992 2632 an
1019 2556 1135 2631 solum
1155 2582 1273 2631 amore
1379 2583 1380 2586 ¹

266 2701 469 2787 christiano,
487 2701 590 2798 plane
606 2701 769 2798 ignotum
786 2710 848 2774 est.
877 2701 971 2773 Eum
988 2708 1106 2773 autem
1122 2700 1272 2798 aprima

268 2850 378 2915 aetate
402 2841 527 2915 litteris
562 2841 830 2915 humanioribus
866 2841 1045 2914 imbutum
1070 2842 1176 2914 fuisse
1201 2866 1270 2914 non

267 2984 422 3057 dubitari
439 2993 563 3082 potest.
588 2984 710 3081 Hujus
727 2984 777 3056 rei
794 2984 889 3056 enim
906 2984 1147 3056 testimonium
1159 2983 1271 3068 adest,

267 3127 422 3224 primum
437 3125 570 3200 scilicet
584 3126 719 3223 ingenii
734 3134 1020 3198 monumentum:
1040 3125 1272 3223 Symposium,

269 3267 384 3365 quod,
414 3267 584 3339 referente
614 3265 853 3363 Hieronymo,
883 3265 1164 3339 adolescentulus
1196 3264 1274 3339 scri-

267 3409 347 3507 psit.
400 3409 443 3482 In
474 3408 604 3507 quibus
642 3408 767 3481 studiis
796 3409 955 3481 Amobio
993 3417 1216 3506 praeceptore
1233 3408 1275 3497 ¹),

268 3550 343 3624 viro
381 3550 634 3638 eruditissimo,
672 3575 759 3623 usus
784 3557 870 3640 est,
900 3574 1009 3647 quem
1048 3558 1143 3622 tanta
1175 3550 1277 3623 indu·

281 3728 468 3740 u—--n———n-a

307 3825 328 3888 ¹)
349 3824 477 3879 Videatur
493 3827 624 3879 uniisse:
644 3824 799 3879 Geschichte
808 3824 854 3878 der
869 3823 965 3879 Theoi.
975 3822 1053 3877 Wiss.
1066 3822 1119 3876 vol.
1132 3824 1156 3877 l.
1168 3840 1227 3896 pag.
1237 3822 1282 3875 66.

271 3929 350 3984 Helle
362 3929 649 3989 17960d.-o.cnvrr
659 3948 665 3983 :
674 3929 768 4001 Script.
784 3928 854 3983 Eccl.
867 3926 988 3982 Historia
997 3925 1137 3991 litteraria,
1147 3944 1208 3999 pag.
1221 3925 1284 4000 161·

308 4030 332 4098 ²)
352 4035 417 4091 luat.
438 4035 499 4091 Div.
518 4034 564 4091 lib.
585 4039 616 4096 5,
634 4052 694 4106 pag.
717 4036 784 4100 588,
802 4035 844 4089 ed.
864 4037 1060 4088 aiiuaunuur.

309 4135 333 4203 ³]
353 4140 570 4206 Hieronicam,
590 4140 624 4194 de
644 4138 691 4193 vir.
712 4138 749 4193 ill.
768 4157 790 4193 c.
811 4139 860 4204 80,
880 4137 1008 4192 videatur.
