2792 5150
744 530 790 598 30

264 732 334 822 Qui
372 733 461 807 liber
496 736 566 809 lore
603 737 757 810 creditur
794 739 1011 836 conscriptus
1047 739 1154 812 fuisse
1193 750 1275 837 post

264 875 419 948 odiosam
447 878 699 951 crudelitatem.
751 881 868 976 Atque
901 880 975 976 ejus
1007 880 1191 952 consilium
1219 891 1275 953 est

167 1063 168 1067 =
264 1016 531 1115 descriptionem
557 1019 638 1091 dare
664 1019 871 1092 miserabilis
896 1021 1011 1093 exitus
1033 1046 1154 1093 eorum
1170 1023 1274 1120 prin-

263 1157 400 1255 cipum,
431 1159 492 1257 qui
525 1159 613 1232 tales
646 1160 842 1233 vexationes
875 1162 1038 1234 adversus
1067 1162 1273 1235 christianos

263 1301 502 1374 excitaverant.
554 1302 627 1373 Nec
666 1303 782 1374 minus
816 1303 1145 1376 demonstrationem
1173 1304 1271 1401 judi·

262 1441 397 1514 ciorum
426 1443 683 1542 Omnipotentis
719 1446 756 1516 in
789 1444 931 1517 illorum
964 1446 1147 1517 conamina
1175 1471 1272 1518 ever·

263 1585 387 1657 tendae
437 1611 537 1658 verae
582 1587 761 1684 religionis
812 1587 959 1661 exhibet.
1016 1588 1114 1679 Quae
1152 1591 1273 1662 omnia

262 1736 382 1799 auctor
408 1729 559 1825 peragit,
584 1729 726 1801 initium
752 1730 881 1802 faciens
905 1729 987 1802 inde
1013 1755 1033 1801 a
1058 1739 1168 1803 morte
1194 1731 1281 1803 Ser.

263 1869 389 1941 vatoris
414 1894 526 1966 usque
551 1870 595 1942 ad
616 1870 889 1957 Diocletianum,
908 1873 1009 1944 cuius
1026 1873 1195 1945 immanes
1213 1900 1271 1946 res

263 2021 376 2106 gestas
404 2036 474 2083 nna
499 2036 581 2084 cum
607 2013 736 2085 caussis
765 2014 950 2111 praecipue
979 2010 1124 2087 enarrat.
1176 2016 1272 2088 Item

264 2161 412 2225 mortem
440 2153 657 2250 reliquorum
687 2163 933 2250 tyrannorum,
965 2156 1027 2252 qui
1054 2157 1271 2254 conjunctim

264 2318 346 2365 cum
380 2319 420 2367 eo
454 2295 634 2368 ecclesiam
665 2297 815 2368 maxime
840 2306 1064 2384 vexaverant,
1091 2298 1268 2396 depingit,

264 2461 415 2533 quorum
439 2440 697 2536 persecutiones
719 2453 880 2512 accurata
897 2439 1127 2538 descriptione
1144 2441 1270 2514 litteris

264 2580 448 2653 mandavit.
504 2581 646 2666 Contra,
690 2581 842 2654 ostendit
882 2591 1011 2679 quanta
1052 2608 1136 2655 cura
1173 2584 1270 2658 Deus

269 2774 455 2788 ¹-n-fl

263 2914 314 2970 est,
338 2915 369 2959 ut
388 2907 420 2959 de
438 2905 526 2975 aliquo
544 2905 587 2960 cui
606 2905 692 2960 adhuc
710 2905 874 2960 institutione
893 2907 1027 2962 doctrinae
1045 2909 1207 2964 Christianae
1223 2929 1271 2966 nac

262 3011 350 3065 minus
369 3010 548 3065 aedificatione
568 3028 634 3082 opus
650 3019 713 3064 erat.
753 3010 835 3073 (Vide
854 3011 887 3064 de
905 3012 947 3065 lra
966 3012 1023 3067 Dei.
1044 3032 1103 3085 cap.
1125 3013 1163 3078 1).

302 3116 325 3170 b.
346 3115 435 3187 Stylus
453 3115 560 3169 minime
579 3114 767 3169 Lactantianus
781 3123 832 3178 est,
853 3123 883 3168 ut
899 3115 972 3171 facile
988 3118 1066 3189 periti
1081 3119 1175 3175 harum
1184 3138 1272 3175 rerum

263 3230 413 3292 agnoscant.
434 3250 472 3260 —
490 3221 570 3289 „Non
584 3219 626 3273 hic
639 3236 696 3272 eam
713 3218 877 3289 eloquentiae
891 3220 1046 3294 dicendique
1062 3223 1127 3288 vim,
1144 3241 1199 3278 non
1210 3242 1271 3279 eum

262 3325 388 3380 orationis
413 3327 519 3389 florem,
544 3325 734 3394 verborumque
759 3324 861 3394 copiam
881 3325 1021 3390 inveneris,
1043 3346 1109 3398 quae
1128 3329 1224 3399 passim
1243 3331 1271 3383 in

263 3431 385 3502 Epitome
409 3440 531 3501 apparet;
556 3447 614 3483 cum
640 3446 655 3482 e
678 3428 809 3482 contrario
828 3430 902 3484 Lucii
922 3432 1027 3486 Caecilii
1046 3432 1129 3504 stylus
1147 3435 1182 3488 sit
1201 3435 1271 3489 inae·

263 3535 358 3606 qualis,
376 3536 463 3589 lentus
482 3545 508 3589 et
527 3534 688 3589 mediocris.’'
727 3535 830 3589 Prnrr.
850 3534 868 3588 l.
888 3535 906 3589 l.
926 3545 987 3591 sect.
1007 3538 1055 3593 XI.
1076 3557 1135 3610 pag.
1158 3540 1200 3592 15.

299 3660 321 3695 c.
341 3641 443 3696 Multae
456 3641 600 3696 sentcntiae
614 3640 786 3694 characterem
802 3640 895 3694 aetatis
910 3643 1061 3711 posterioris
1077 3651 1180 3715 gerunt.
1199 3645 1272 3700 Inter

261 3745 312 3798 alia
340 3744 477 3815 praecipue
506 3744 589 3799 afferri
618 3753 730 3814 possunt
755 3762 822 3815 quae
847 3763 905 3816 cap.
925 3743 975 3799 46'
989 3757 1016 3800 et
1039 3749 1075 3801 49
1095 3748 1271 3803 continentur.

263 3851 305 3919 „It
327 3851 374 3904 has
400 3851 433 3904 all
459 3850 503 3905 the
528 3851 659 3905 character
685 3850 717 3904 of
738 3850 782 3903 the
807 3849 875 3917 „low
893 3850 957 3904 latin
966 3854 990 3914 ,’“’
1008 3852 1210 3924 „ill-imitating”
1226 3854 1272 3908 the

258 3973 370 4011 manner
394 3957 539 4012 sometimes
565 3959 597 4012 of
616 3972 667 4010 ona
690 3954 794 4009 ancient
813 3954 921 4021 author;
941 3958 1087 4013 sometimes
1103 3958 1135 4012 of
1147 3958 1270 4021 another;

262 4063 313 4116 and
330 4061 527 4134 interminghng
541 4073 673 4135 astrange
688 4064 787 4135 variety
797 4063 829 4116 of
835 4063 977 4118 barbarous
988 4063 1093 4133 phrases
1102 4064 1154 4117 and
1165 4063 1270 4118 Gothic.

261 4166 380 4223 idioms.’'
418 4168 610 4225 Mouuram’s
631 4169 704 4223 Sum.
724 4186 784 4241 pag.
807 4167 868 4229 147.
