2792 5150
585 1156 850 1241 CAPUT
895 1158 974 1240 III.

305 1377 479 1428 uncnnmo
506 1379 712 1431 OPINIONUM
739 1380 786 1430 DE
812 1379 1012 1432 Lucranrlo
1037 1376 1236 1428 THEOLOGO.

701 1690 844 1721 «φο»

317 1953 359 2025 In
393 1954 575 2029 Laotontio
605 1954 814 2051 judicando,
847 1952 944 2051 quod
977 1952 1102 2026 attinet
1132 1952 1178 2024 ad
1203 1951 1275 2047 ejus

265 2092 464 2171 doctrinam
487 2095 738 2191 theologicam,
757 2096 893 2195 prima,
923 2118 1013 2192 quae
1038 2093 1107 2167 rite
1130 2091 1275 2191 proferri

267 2234 376 2331 possit
392 2236 568 2333 quaestio,
593 2238 663 2311 huc
689 2236 797 2311 redit:
824 2260 911 2310 num
933 2237 1014 2333 jure
1040 2234 1132 2308 inter
1157 2258 1274 2306 nume·
1379 2280 1380 2333 i

267 2399 349 2448 rum
369 2375 591 2461 defensorum
612 2378 885 2453 orthodoxorum
910 2375 1073 2479 eeclesiae
1092 2375 1275 2474 primariae

268 2517 463 2592 censendus
499 2528 551 2594 est
587 2519 813 2594 Lactantius?
863 2520 962 2611 Quae
998 2517 1142 2617 quidem
1173 2542 1275 2616 quae·
1380 2601 1381 2604 Ἴ

269 2658 335 2731 stio
360 2661 462 2734 nobis
483 2685 554 2733 non
580 2661 739 2735 miranda
762 2669 824 2735 est.
876 2662 968 2734 Nam
988 2661 1185 2735 seeundum
1206 2661 1274 2759 opi·

268 2802 390 2875 niones
428 2802 681 2877 nonnullorum
716 2804 772 2877 vix
808 2828 966 2902 unquam
1004 2802 1094 2876 nlius
1130 2803 1275 2901 quidam

269 2944 415 3043 scriptor
441 2953 514 3017 tam
538 2969 641 3044 saepe
666 2945 832 3019 erravisse
860 2945 1000 3019 videtur
1025 2968 1132 3042 quam
1157 2952 1275 3017 auotor

268 3095 394 3161 noster.
449 3087 566 3174 „lnde
583 3087 693 3186 aliqui
709 3132 759 3142 -
783 3097 824 3161 ut
841 3088 957 3162 verbis
974 3087 1118 3160 Nourrii
1134 3095 1213 3160 utar
1228 3130 1275 3141 —

268 3239 412 3303 eentum
437 3240 473 3303 et
497 3232 721 3330 Septuaginta
748 3230 845 3328 illius
868 3241 980 3305 errata
1005 3230 1091 3303 olim
1115 3254 1272 3303 numera·

267 3373 369 3460 bant;
398 3371 457 3446 alii
482 3398 522 3445 ea
542 3375 768 3471 postmodum
792 3374 837 3447 ad
861 3382 1027 3473 quattuor
1051 3397 1157 3471 supra
1174 3395 1275 3446 nona·

267 3514 379 3611 ginta,
397 3514 457 3588 alii
473 3541 555 3589 vero
571 3517 616 3590 od
634 3518 805 3591 minorem
822 3542 1011 3591 numerum
1027 3513 1273 3613 redegerunt.''

268 3655 345 3729 Imo
386 3656 562 3730 Antonius
596 3658 812 3746 Roudensis,
847 3658 1032 3756 theologus
1074 3682 1117 3731 ex
1155 3656 1274 3731 ordine

269 3798 432 3873 Fratrum
465 3800 647 3873 Minorum
679 3800 818 3919 saeculo
844 3800 932 3888 XV,
959 3825 1000 3874 eo
1024 3800 1122 3873 venit
1146 3808 1189 3872 ut
1212 3808 1274 3872 sta

268 3940 398 4021 tuerit.
435 3940 512 4038 ejusv
545 3941 655 4015 libros
689 3942 789 4040 quasi
816 3941 973 4041 undique
998 3940 1199 4015 haeresibus
1224 3949 1274 4013 re·

268 4081 375 4157 fertos
400 4108 485 4157 esse.
