2792 5150
737 503 782 574 78

255 710 423 808 expositio
459 719 562 785 acuta
586 711 681 811 apud
707 713 890 811 scriptores
916 714 1164 789 ecclesiasticos
1190 718 1277 815 ejus

254 852 419 949 temporis
455 855 653 952 quaerenda
688 864 758 942 est;
802 856 890 954 quin
929 856 1140 956 plerumque
1179 860 1277 934 diffi-

254 993 321 1068 cile
347 1012 399 1069 est
423 1008 582 1072 accurate
598 1024 720 1073 comm
738 999 949 1098 theologicas
966 1001 1126 1074 notiones
1143 1003 1274 1078 multis

255 1136 299 1210 de
315 1139 421 1212 rebus
437 1150 579 1240 propter
595 1142 715 1216 laxum
731 1143 901 1240 loquendi
918 1143 1063 1216 modum
1081 1144 1127 1216 ob
1146 1145 1275 1220 oeulos

253 1302 391 1377 ponere.
435 1282 580 1356 Accedit
605 1283 701 1381 quod
723 1283 835 1357 forma
852 1285 1044 1372 rhetorica,
1065 1312 1137 1384 qua
1155 1289 1275 1364 multa

255 1445 377 1494 eorum
410 1423 555 1521 scripta,
589 1426 697 1522 idque
731 1426 879 1500 maxime
913 1427 1105 1515 Lactantii,
1141 1428 1272 1505 induta

255 1575 355 1654 sunt,
369 1567 486 1641 minus
498 1567 624 1640 idonea
640 1549 695 1641 est
706 1568 751 1641 ad
763 1568 891 1642 horum
904 1569 1061 1643 virorum
1075 1573 1275 1647 sententias

254 1708 494 1783 indubitanter
511 1710 761 1809 exprimendas.
813 1710 938 1809 Neque
959 1736 1113 1809 aequum
1137 1722 1206 1801 est,
1225 1724 1273 1789 ut

254 1850 399 1949 opinor,
424 1851 454 1923 si
477 1850 606 1949 passim
631 1877 687 1925 res
709 1850 857 1949 alicujus
877 1852 1067 1938 momenti,
1086 1854 1273 1951 speciatim

255 1991 292 2063 in
328 2001 401 2065 tam
438 1992 536 2065 brevi
573 1994 752 2067 doctrinae
790 1993 1006 2068 Christianae
1035 1995 1272 2092 expositione,

254 2133 393 2219 silentio
410 2137 672 2234 praetermissae
689 2137 778 2223 sint,
799 2135 906 2209 telem
923 2135 1145 2209 omissionem
1165 2162 1271 2235 nega·

254 2277 342 2350 tioni
364 2277 419 2351 vel
436 2279 653 2376 ignorantiae
677 2279 849 2365 veritatiS,
875 2287 917 2351 ut
932 2278 1096 2352 nonnulli
1116 2304 1271 2356 asserere

255 2419 385 2507 solent,
416 2419 621 2495 adscribere.
673 2420 813 2512 Quibus
850 2421 1014 2494 omnihus
1038 2422 1129 2495 bene
1155 2425 1269 2498 consi·

255 2562 402 2650 deratiS,
427 2588 518 2661 quae
544 2571 638 2637 certo
662 2563 795 2638 certius‘
808 2564 1020 2637 conveniunt
1046 2590 1129 2639 cum
1146 2577 1268 2642 nostro

252 2706 430 2804 proposito
455 2731 561 2805 supra
583 2707 756 2793 indicate,
778 2706 998 2804 quaestiones
1022 2706 1267 2803 gravissimae,

255 2871 344 2948 quae
369 2849 452 2924 inde
477 2848 650 2935 emantur,
676 2874 718 2923 ex
744 2847 866 2921 ordine
890 2873 986 2921 nunc
1002 2873 1266 2947 persequamur.

304 2991 421 3065 Prima
438 2991 548 3089 igitur
564 3016 654 3090 quae
670 3000 808 3090 praesto
833 2998 885 3065 est
901 2990 1059 3089 quaestio
1082 2991 1169 3065 haec
1195 3003 1265 3068 est:

253 3133 351 3207 Num
382 3134 583 3208 Instantius
608 3134 678 3207 dici
700 3140 815 3232 potest
840 3115 958 3205 sectae
977 3132 1266 3208 Manichaeorum

253 3279 407 3352 assecla?
432 3278 650 3376 Caussaque
669 3276 825 3374 opinatio
840 3274 903 3347 illa
922 3275 1054 3347 exstitit
1077 3276 1114 3347 in
1139 3300 1183 3349 eo
1201 3276 1265 3349 sita

253 3428 324 3507 est,
354 3419 452 3518 quod
488 3418 668 3493 interdum
703 3418 741 3491 in
779 3417 991 3516 quibusdam
1016 3416 1264 3518 Manuscriptis

254 3564 329 3661 ejus
346 3562 536 3637 Codicibus
553 3587 592 3635 ac
608 3571 729 3662 postea
745 3561 957 3636 editionibus
973 3560 1164 3636 sententiae
1180 3585 1262 3634 non·

254 3707 391 3795 nullae,
418 3706 705 3780 Manichaeorum
722 3705 917 3780 doctrinam
934 3704 1145 3791 redolentes,
1170 3705 1262 3778 inve·

253 3850 414 3924 nirentur
426 3851 459 3941 ¹).
510 3851 675 3923 Attamen
708 3848 796 3935 loci,
830 3847 959 3947 quihus
987 3846 1052 3919 hae
1081 3846 1261 3945 reprehen-

294 4156 317 4216 ¹)
337 4161 433 4229 „Some
450 4159 518 4213 have
542 4157 653 4226 charged
685 4155 838 4210 Lactantim
856 4153 921 4208 with
938 4153 1118 4209 Manicheum.
1158 4153 1259 4209 Severrd
