2792 5150
612 489 657 558 77

177 697 310 771 Verum
333 697 545 771 sufficienter
576 696 739 796 apparuit
768 696 937 794 plurimas
961 694 1137 792 ejusmodi

128 838 408 936 reprehensiones·
419 864 463 912 ex
482 838 610 912 infesto
627 838 781 936 quodam
805 837 921 913 animo
937 846 1043 934 atque
1060 835 1132 933 opi·

128 980 290 1053 nionibus
314 978 558 1077 praejudicatis
582 979 755 1076 originem
780 978 931 1051 duxisse.
966 977 1022 1049 Ita
1040 975 1135 1053 enim

127 1121 177 1195 vir
208 1121 275 1195 iste
309 1120 485 1195 Antonius
514 1120 712 1195 Raudensis
737 1121 828 1218 egit,
856 1129 993 1193 utnon
1019 1117 1135 1191 solum

127 1262 285 1337 Adamus
311 1263 457 1360 quidam
487 1263 682 1337 Monachus
715 1263 912 1336 Genuensis
925 1263 947 1353 ¹)
974 1286 1057 1334 eum
1081 1285 1136 1332 ve-

126 1403 305 1477 hementer
334 1412 375 1477 ut
402 1405 566 1477 insanum
592 1404 781 1490 notaverit,
808 1404 869 1477 sed
895 1402 999 1475 etiam
1025 1401 1135 1473 Fran·

126 1546 238 1620 oisous
263 1544 488 1636 Philellus'),
518 1546 571 1619 vir
601 1545 727 1621 studiis
752 1545 949 1620 litterarum
970 1542 1133 1616 illustris.

125 1688 287 1763 Nimium
299 1697 473 1787 quantum
485 1689 681 1763 seeundum
694 1689 905 1762 sententiam
918 1688 966 1761 du
982 1687 1136 1781 Fhesnoy

124 1831 181 1904 his
218 1831 263 1904 de
301 1831 407 1904 rehus
442 1830 617 1928 Josephus
655 1831 775 1907 Isaeus
812 1830 967 1916 censuit,
1003 1827 1066 1926 qui
1098 1827 1135 1900 in

124 1972 297 2047 Laetantii
308 1970 408 2046 libris
420 1972 655 2060 enatantibus,
669 1973 861 2070 nonaginta
877 1980 1044 2070 quattuor
1060 1995 1137 2070 pro

124 2112 360 2213 positionibus
388 2113 624 2212 reprehensis,
651 2114 725 2211 ipse
751 2122 869 2187 tamen
895 2122 1041 2188 testatus
1064 2121 1135 2199 est,

125 2255 297 2355 quasdam
316 2281 438 2331 aarum
454 2256 609 2353 benigno
635 2281 740 2331 sensu
760 2255 1037 2355 interpretandas
1050 2277 1133 2326 esse.

125 2398 240 2496 quue
269 2406 362 2471 reete
386 2397 541 2496 quidem.
593 2398 685 2472 Nam
709 2400 748 2472 in
785 2399 937 2472 auctoris
961 2397 1138 2495 theologia

122 2541 192 2615 rite
213 2540 422 2638 judicanda,
448 2542 550 2618 nobis
578 2566 649 2617 non
675 2541 957 2618 obliviscendum
981 2548 1034 2613 est
1058 2562 1137 2614 oon·

124 2681 265 2769 silium,
291 2708 362 2781 quo
387 2684 449 2758 ille
474 2685 602 2762 mentis
630 2685 785 2764 actiones
810 2709 937 2784 easque
961 2682 1138 2779 religiosas

124 2825 254 2902 (11111111
270 2825 495 2925 consignavit.
527 2828 570 2904 In
585 2827 818 2927 suscipiendis
843 2827 1014 2900 uidelicet.
1029 2824 1139 2924 operi·

124 2967 195 3046 hus
212 2967 285 3044 suis
307 2967 421 3044 multo
442 2970 554 3067 magis
578 2970 653 3068 ejus
676 2978 751 3045 erat
775 2967 981 3055 eonsilium,
1006 2990 1139 3041 errores

125 3108 359 3186 Ethnioorum
380 3110 531 3186 refutare
552 3120 657 3210 atque
676 3112 855 3210 eleganter
879 3109 1061 3185 veritatem
1086 3135 1141 3184 ex-

123 3278 273 3351 ponere,
303 3278 412 3350 quam
440 3256 694 3354 expositionem
720 3256 900 3332 doetrinae
921 3255 1140 3328 Christianae

124 3395 240 3494 ipsius
257 3397 421 3474 omnibus
436 3400 594 3476 numeris
604 3399 806 3474 absolutam
818 3398 911 3478 dare.
926 3398 1050 3495 Neque
1063 3366 1142 3474 talia

129 3590 323 3606 -η-ι--α-ι-ι--ι

167 3713 366 3777 ι1811111111-
387 3729 429 3771 ou
465 3733 601 3774 1111111111
629 3715 710 3786 hujus
728 3717 756 3771 in
783 3718 952 3774 moenum
977 3717 1146 3787 Epigramma

125 3838 246 3875 versuum
267 3820 285 3874 8
305 3819 400 3894 legitur
420 3820 451 3876 in
470 3821 585 3886 editione
609 3821 740 3883 Laetantii
759 3822 879 3878 Romana
908 3822 978 3874 1468
1003 3821 1074 3892 apud
1094 3822 1143 3877 Pe·

125 3936 197 3980 trum
217 3928 250 3981 de
271 3927 410 3992 Maximis,
429 3927 501 3979 unde
519 3925 585 3979 illud
605 3925 741 3997 exscripsit
763 3926 887 3981 Albertus
903 3925 1036 3987 Fabricius
1054 3927 1081 3987 iu
1101 3927 1145 3986 Bi·

125 4031 271 4086 bliotheoae
291 4031 401 4087 Latinae
420 4029 622 4100 supplemento,
643 4047 704 4101 pag.
725 4029 789 4084 395.

165 4134 189 4200 2)
210 4135 268 4192 Lib.
289 4138 325 4194 .V.
347 4134 524 4207 Epistularum
542 4135 576 4190 ad
596 4152 699 4190 annum
720 4135 801 4198 1443,
