2792 5150
630 514 673 584 ll

139 719 273 816 poteris
300 718 519 793 existimare''
532 721 566 809 1).
598 719 667 794 Sed
692 745 763 793 non
779 720 956 795 immerito
973 724 1154 820 quaeritur

140 862 324 959 quomodo
343 863 427 936 haec
444 872 577 960 egestas
594 862 825 960 intelligenda
849 864 940 954 sit¹).
967 864 1154 956 Quomodo

140 1003 412 1092 Constantinus,
436 1005 596 1103 prinoeps
616 1004 787 1093 liberalis,
814 1006 887 1104 pati
911 1007 1066 1105 potuerit
1090 1007 1155 1081 filii

140 1156 405 1246 praeceptorem
429 1157 525 1221 tanta
548 1148 586 1221 in
611 1157 768 1246 egestate
788 1148 895 1221 vitam
908 1149 1059 1247 degere?
1080 1150 1153 1224 Alii

139 1288 255 1386 igitur
278 1298 405 1387 putant
425 1314 508 1363 eum
528 1290 680 1363 caruisse
696 1289 804 1363 rebus
821 1289 1052 1364 familiaribus
1062 1325 1071 1379 ;
1094 1292 1154 1365 alii

139 1456 226 1505 vero
244 1457 327 1506 eum
343 1433 583 1520 Nicomediae,
602 1442 758 1531 tempore
775 1432 929 1506 crudelis
945 1434 1154 1532 perseeutio-

141 1572 198 1646 nis
219 1574 265 1647 ad
283 1584 525 1673 paupertatem
549 1576 732 1649 redactum
756 1575 872 1648 fuisse.
908 1575 977 1648 Sed
993 1574 1072 1648 talis
1090 1576 1152 1648 La-

141 1716 266 1788 etantii
279 1725 428 1813 egestas,
442 1717 472 1789 si
487 1739 646 1814 unquam
663 1740 705 1789 eo
720 1715 824 1814 plane
840 1740 945 1789 sensu
962 1742 1045 1790 eum
1057 1742 1151 1816 pres·

141 1859 243 1944 serit,
261 1859 463 1956 gravissime
479 1868 572 1933 oerte
598 1859 701 1946 ursit,
719 1868 909 1957 antequam
925 1860 1039 1959 Crispi
1053 1861 1151 1957 juve·

139 1999 252 2073 uilem
289 2009 438 2075 aetatem
473 2003 608 2076 artibus
636 2001 870 2076 nobilioribus
895 2003 1150 2077 informaverat.

140 2140 267 2214 Postea
303 2165 401 2229 vero,
439 2142 563 2216 dubito
600 2168 642 2215 au
677 2141 748 2215 alio
779 2166 885 2215 sensu
916 2140 1148 2239 intelligenda

140 2282 204 2370 sit,
242 2308 351 2380 quam
384 2283 428 2357 de
462 2285 537 2382 ejus
569 2283 767 2357 voluntario
799 2283 980 2356 humiliter
1008 2283 1151 2356 vivendi

141 2425 266 2512 modo;
293 2451 399 2523 quam
421 2428 620 2524 opinionem
638 2427 744 2500 etiam
760 2426 809 2498 du
828 2426 892 2499 Pin
910 2434 945 2498 et
961 2425 1153 2499 Tillemont

141 2567 294 2667 amplexi
318 2570 448 2659 suut‘).
500 2569 592 2643 Nam
617 2568 810 2669 discipulus
836 2568 1082 2643 Demetrianus
1103 2594 1153 2641 sa-

140 2710 189 2783 tis
224 2710 320 2784 dives
363 2721 436 2786 erat
482 2721 523 2784 ut
563 2712 794 2809 magistrum,
839 2735 993 2809 quocum
1030 2711 1154 2784 intima

176 3004 204 3070 (¹)
224 3007 267 3062 Ira
286 3007 345 3062 Dei.
365 3024 423 3077 oap.
446 3006 475 3070 l,
495 3005 581 3061 initio.

182 3106 206 3175 ²]
225 3112 282 3168 The
296 3119 406 3183 poverty
422 3110 454 3165 of
460 3111 613 3168 Laetantius
628 3128 689 3183 may
705 3111 739 3167 he
754 3110 859 3182 applied
875 3110 958 3165 either
972 3117 1002 3165 to
1015 3110 1061 3165 tha
1070 3110 1156 3181 praisa

144 3216 176 3271 of
190 3216 235 3271 the
254 3216 434 3271 disinterested
454 3216 627 3287 philosopher,
647 3234 677 3270 or
690 3225 719 3271 to
737 3217 782 3270 the
801 3216 890 3270 shame
910 3214 942 3270 of
956 3216 1001 3271 the
1020 3214 1155 3285 unfeeling

143 3328 247 3392 patron.
286 3320 421 3376 Gmson:
451 3320 560 3375 Decline
578 3320 631 3375 and
660 3320 717 3374 Fall
736 3328 785 3374 ete.
805 3337 866 3391 pag.
885 3321 950 3374 250.
989 3319 1051 3373 Vol.
1070 3319 1105 3373 II.
1125 3319 1154 3372 in

110 3449 114 3462 ¹
143 3434 217 3480 nota.
257 3424 369 3490 (Bohn's
387 3424 484 3480 British
503 3421 635 3492 Classius).

182 3525 206 3593 ³)
225 3531 294 3586 Mais
322 3538 389 3586 cette
415 3530 486 3588 seule
513 3530 690 3586 circonstsnee
715 3532 855 3602 rapportee
883 3530 948 3583 dans
967 3528 994 3582 la
1013 3527 1156 3599 chronique

144 3634 274 3689 d’Eushbe
295 3641 334 3688 est
353 3652 390 3688 un
407 3634 491 3706 grand
511 3643 538 3688 et
556 3635 716 3707 magnifique
737 3634 825 3706 aloga,
844 3642 872 3688 et
892 3651 961 3687 nous
980 3632 1036 3687 doit
1054 3633 1157 3686 donner

144 3756 196 3793 une
215 3739 295 3792 haute
313 3737 370 3794 idae
389 3739 423 3792 de
438 3756 467 3792 sa
486 3738 565 3809 pieta.
595 3738 681 3794 Caril
700 3739 758 3793 faut
776 3740 830 3793 etse
849 3739 910 3793 bien
930 3746 1070 3802 renuens,
1088 3755 1157 3807 pour

144 3843 216 3899 vivre
235 3852 407 3915 pauvrement
425 3846 442 3898 a
460 3843 485 3898 la
504 3862 574 3909 conr,
594 3862 661 3915 pour
679 3862 707 3899 se
724 3862 813 3915 passer
832 3846 878 3898 des
893 3844 982 3898 choses
997 3842 1153 3898 nenessaires

145 3965 180 4002 aa
198 3947 286 4003 miliau
303 3949 497 4021 d'ahondanee,
516 3957 543 4003 et
558 3967 627 4019 pour
641 3966 675 4003 ne
691 3948 768 4020 point
783 3950 878 4020 gotter
886 3948 923 4002 les
933 3946 1047 4018 plaisirs,
1065 3946 1155 4017 quand

145 4072 181 4108 on
199 4062 239 4109 est
256 4053 341 4126 parmi
360 4071 438 4119 ceux,
454 4054 501 4125 qui
519 4073 537 4126 y
555 4063 617 4110 sont
635 4054 754 4126 planges.
779 4056 826 4111 Du
842 4071 912 4109 Pus:
935 4052 1066 4107 Nouvelle
1085 4051 1157 4108 Bibl.

145 4177 207 4231 pag.
227 4160 296 4225 205,
318 4159 360 4216 eu.
379 4160 458 4215 reso.
