<?xml version="1.0" encoding="UTF-8"?>
<!DOCTYPE html PUBLIC "-//W3C//DTD XHTML 1.0 Transitional//EN"
    "http://www.w3.org/TR/xhtml1/DTD/xhtml1-transitional.dtd">
<html xmlns="http://www.w3.org/1999/xhtml" xml:lang="en" lang="en">
 <head>
  <title>
</title>
<meta http-equiv="Content-Type" content="text/html;charset=utf-8" />
  <meta name='ocr-system' content='tesseract 3.04.00' />
  <meta name='ocr-capabilities' content='ocr_page ocr_carea ocr_par ocr_line ocrx_word'/>
</head>
<body>
  <div class='ocr_page' id='page_1' title='image "./specimenhistori00kotzgoog_0099.png"; bbox 0 0 2792 5150; ppageno 0'>
   <div class='ocr_carea' id='block_1_1' title="bbox 618 437 663 509">
    <p class='ocr_par' dir='ltr' id='par_1_1' title="bbox 618 437 663 509">
     <span class='ocr_line' id='line_1_1' title="bbox 618 437 663 509; baseline -0.022 0"><span class='ocrx_word' id='word_1_1' title='bbox 618 437 663 509; x_wconf 84' lang='lat'><strong>75</strong></span> 
     </span>
    </p>
   </div>
   <div class='ocr_carea' id='block_1_2' title="bbox 117 645 1147 2594">
    <p class='ocr_par' dir='ltr' id='par_1_2' title="bbox 117 645 1147 2594">
     <span class='ocr_line' id='line_1_2' title="bbox 118 645 1144 746; baseline 0.002 -27"><span class='ocrx_word' id='word_1_2' title='bbox 118 646 226 719; x_wconf 88' lang='lat' dir='ltr'><strong>Nam</strong></span> <span class='ocrx_word' id='word_1_3' title='bbox 255 672 318 746; x_wconf 89' lang='lat' dir='ltr'><strong>por</strong></span> <span class='ocrx_word' id='word_1_4' title='bbox 343 672 419 720; x_wconf 89' lang='lat' dir='ltr'><strong>eam</strong></span> <span class='ocrx_word' id='word_1_5' title='bbox 448 647 572 733; x_wconf 92' lang='lat' dir='ltr'><strong>homo,</strong></span> <span class='ocrx_word' id='word_1_6' title='bbox 598 656 774 744; x_wconf 86' lang='lat' dir='ltr'><strong>quantum</strong></span> <span class='ocrx_word' id='word_1_7' title='bbox 810 645 886 743; x_wconf 90' lang='lat' dir='ltr'><strong>ejus</strong></span> <span class='ocrx_word' id='word_1_8' title='bbox 911 646 962 719; x_wconf 88' lang='lat' dir='ltr'><strong>vis</strong></span> <span class='ocrx_word' id='word_1_9' title='bbox 991 646 1084 721; x_wconf 84' lang='lat' dir='ltr'><strong>valet</strong></span> <span class='ocrx_word' id='word_1_10' title='bbox 1108 649 1144 721; x_wconf 94' lang='lat' dir='ltr'><strong>in</strong></span> 
     </span>
     <span class='ocr_line' id='line_1_3' title="bbox 119 787 1146 886; baseline 0.001 -25"><span class='ocrx_word' id='word_1_11' title='bbox 119 813 234 875; x_wconf 90' lang='lat' dir='ltr'><strong>eum,</strong></span> <span class='ocrx_word' id='word_1_12' title='bbox 260 797 356 862; x_wconf 86' lang='lat' dir='ltr'><strong>totus</strong></span> <span class='ocrx_word' id='word_1_13' title='bbox 377 789 591 862; x_wconf 88' lang='lat' dir='ltr'><strong>convertitur</strong></span> <span class='ocrx_word' id='word_1_14' title='bbox 615 789 660 861; x_wconf 93' lang='lat' dir='ltr'><strong>ab</strong></span> <span class='ocrx_word' id='word_1_15' title='bbox 685 813 727 862; x_wconf 91' lang='lat' dir='ltr'><strong>eo</strong></span> <span class='ocrx_word' id='word_1_16' title='bbox 754 787 850 886; x_wconf 91' lang='lat' dir='ltr'><strong>quod</strong></span> <span class='ocrx_word' id='word_1_17' title='bbox 873 797 926 860; x_wconf 87' lang='lat' dir='ltr'><strong>est</strong></span> <span class='ocrx_word' id='word_1_18' title='bbox 950 788 1084 862; x_wconf 91' lang='lat' dir='ltr'><strong>malum</strong></span> <span class='ocrx_word' id='word_1_19' title='bbox 1101 789 1146 862; x_wconf 93' lang='lat' dir='ltr'><strong>ad</strong></span> 
     </span>
     <span class='ocr_line' id='line_1_4' title="bbox 117 929 1143 1029; baseline 0 -25"><span class='ocrx_word' id='word_1_20' title='bbox 117 931 278 1004; x_wconf 91' lang='lat' dir='ltr'><strong>bonum.</strong></span> <span class='ocrx_word' id='word_1_21' title='bbox 306 932 430 1029; x_wconf 82' lang='lat' dir='ltr'><strong>Neque</strong></span> <span class='ocrx_word' id='word_1_22' title='bbox 443 930 512 1003; x_wconf 92' lang='lat' dir='ltr'><strong>alio</strong></span> <span class='ocrx_word' id='word_1_23' title='bbox 524 929 685 1017; x_wconf 88' lang='lat' dir='ltr'><strong>consilio,</strong></span> <span class='ocrx_word' id='word_1_24' title='bbox 698 930 807 1028; x_wconf 89' lang='lat' dir='ltr'><strong>idque</strong></span> <span class='ocrx_word' id='word_1_25' title='bbox 821 955 985 1027; x_wconf 81' lang='lat' dir='ltr'><strong>magnam</strong></span> <span class='ocrx_word' id='word_1_26' title='bbox 993 939 1143 1029; x_wconf 89' lang='lat' dir='ltr'><strong>partem,</strong></span> 
     </span>
     <span class='ocr_line' id='line_1_5' title="bbox 119 1072 1146 1172; baseline -0.001 -25"><span class='ocrx_word' id='word_1_27' title='bbox 119 1074 166 1147; x_wconf 88' lang='lat' dir='ltr'><strong>in</strong></span> <span class='ocrx_word' id='word_1_28' title='bbox 192 1074 317 1172; x_wconf 90' lang='lat' dir='ltr'><strong>quinto</strong></span> <span class='ocrx_word' id='word_1_29' title='bbox 331 1083 365 1147; x_wconf 89' lang='lat' dir='ltr'><strong>et</strong></span> <span class='ocrx_word' id='word_1_30' title='bbox 377 1082 474 1147; x_wconf 87' lang='lat' dir='ltr'><strong>sexto</strong></span> <span class='ocrx_word' id='word_1_31' title='bbox 487 1073 579 1146; x_wconf 89' lang='lat' dir='ltr'><strong>libro</strong></span> <span class='ocrx_word' id='word_1_32' title='bbox 591 1073 737 1159; x_wconf 81' lang='lat' dir='ltr'><strong>virtutes</strong></span> <span class='ocrx_word' id='word_1_33' title='bbox 752 1072 1030 1146; x_wconf 83' lang='lat' dir='ltr'><strong>Christianorum</strong></span> <span class='ocrx_word' id='word_1_34' title='bbox 1045 1098 1146 1172; x_wconf 83' lang='lat' dir='ltr'><strong>expo</strong></span> 
     </span>
     <span class='ocr_line' id='line_1_6' title="bbox 119 1213 1146 1312; baseline -0.001 -23"><span class='ocrx_word' id='word_1_35' title='bbox 119 1241 217 1289; x_wconf 89' lang='lat' dir='ltr'><strong>nere</strong></span> <span class='ocrx_word' id='word_1_36' title='bbox 242 1223 387 1289; x_wconf 87' lang='lat' dir='ltr'><strong>conatus</strong></span> <span class='ocrx_word' id='word_1_37' title='bbox 413 1224 474 1288; x_wconf 80' lang='lat' dir='ltr'><strong>est.</strong></span> <span class='ocrx_word' id='word_1_38' title='bbox 504 1214 580 1286; x_wconf 90' lang='lat' dir='ltr'><strong>Has</strong></span> <span class='ocrx_word' id='word_1_39' title='bbox 601 1213 747 1312; x_wconf 87' lang='lat' dir='ltr'><strong>quidem</strong></span> <span class='ocrx_word' id='word_1_40' title='bbox 764 1214 810 1286; x_wconf 93' lang='lat' dir='ltr'><strong>ob</strong></span> <span class='ocrx_word' id='word_1_41' title='bbox 827 1238 966 1287; x_wconf 81' lang='lat' dir='ltr'><strong>caussas</strong></span> <span class='ocrx_word' id='word_1_42' title='bbox 983 1213 1051 1287; x_wconf 91' lang='lat' dir='ltr'><strong>alio</strong></span> <span class='ocrx_word' id='word_1_43' title='bbox 1067 1214 1146 1289; x_wconf 91' lang='lat' dir='ltr'><strong>loco</strong></span> 
     </span>
     <span class='ocr_line' id='line_1_7' title="bbox 120 1350 1143 1455; baseline 0 -25"><span class='ocrx_word' id='word_1_44' title='bbox 120 1357 275 1430; x_wconf 79' lang='lat' dir='ltr'><strong>statuit:</strong></span> <span class='ocrx_word' id='word_1_45' title='bbox 304 1356 424 1443; x_wconf 91' lang='lat' dir='ltr'><strong>„nihil</strong></span> <span class='ocrx_word' id='word_1_46' title='bbox 450 1357 544 1431; x_wconf 89' lang='lat' dir='ltr'><strong>enim</strong></span> <span class='ocrx_word' id='word_1_47' title='bbox 570 1364 688 1429; x_wconf 90' lang='lat' dir='ltr'><strong>sancta</strong></span> <span class='ocrx_word' id='word_1_48' title='bbox 705 1366 740 1429; x_wconf 91' lang='lat' dir='ltr'><strong>et</strong></span> <span class='ocrx_word' id='word_1_49' title='bbox 758 1352 944 1453; x_wconf 82' lang='lat' dir='ltr'><strong>singularis</strong></span> <span class='ocrx_word' id='word_1_50' title='bbox 960 1350 1021 1428; x_wconf 92' lang='lat' dir='ltr'><strong>illa</strong></span> <span class='ocrx_word' id='word_1_51' title='bbox 1038 1357 1143 1455; x_wconf 88' lang='lat' dir='ltr'><strong>maje-</strong></span> 
     </span>
     <span class='ocr_line' id='line_1_8' title="bbox 120 1498 1145 1597; baseline 0 -25"><span class='ocrx_word' id='word_1_52' title='bbox 120 1507 202 1572; x_wconf 87' lang='lat' dir='ltr'><strong>stas</strong></span> <span class='ocrx_word' id='word_1_53' title='bbox 236 1498 334 1572; x_wconf 91' lang='lat' dir='ltr'><strong>aliud</strong></span> <span class='ocrx_word' id='word_1_54' title='bbox 360 1500 405 1572; x_wconf 90' lang='lat' dir='ltr'><strong>ab</strong></span> <span class='ocrx_word' id='word_1_55' title='bbox 434 1499 575 1573; x_wconf 93' lang='lat' dir='ltr'><strong>homine</strong></span> <span class='ocrx_word' id='word_1_56' title='bbox 605 1499 800 1585; x_wconf 82' lang='lat' dir='ltr'><strong>desiderat,</strong></span> <span class='ocrx_word' id='word_1_57' title='bbox 828 1523 935 1597; x_wconf 91' lang='lat' dir='ltr'><strong>quam</strong></span> <span class='ocrx_word' id='word_1_58' title='bbox 961 1498 1071 1572; x_wconf 87' lang='lat' dir='ltr'><strong>solam</strong></span> <span class='ocrx_word' id='word_1_59' title='bbox 1095 1500 1145 1572; x_wconf 93' lang='lat' dir='ltr'><strong>in·</strong></span> 
     </span>
     <span class='ocr_line' id='line_1_9' title="bbox 121 1641 1146 1740; baseline 0 -25"><span class='ocrx_word' id='word_1_60' title='bbox 121 1642 350 1728; x_wconf 81' lang='lat' dir='ltr'><strong>nocentiam3</strong></span> <span class='ocrx_word' id='word_1_61' title='bbox 389 1667 494 1740; x_wconf 89' lang='lat' dir='ltr'><strong>quam</strong></span> <span class='ocrx_word' id='word_1_62' title='bbox 535 1642 564 1715; x_wconf 92' lang='lat' dir='ltr'><strong>si</strong></span> <span class='ocrx_word' id='word_1_63' title='bbox 600 1641 681 1739; x_wconf 89' lang='lat' dir='ltr'><strong>quis</strong></span> <span class='ocrx_word' id='word_1_64' title='bbox 724 1641 893 1715; x_wconf 87' lang='lat' dir='ltr'><strong>obtulerit</strong></span> <span class='ocrx_word' id='word_1_65' title='bbox 928 1643 1023 1730; x_wconf 90' lang='lat' dir='ltr'><strong>Deo,</strong></span> <span class='ocrx_word' id='word_1_66' title='bbox 1062 1643 1146 1716; x_wconf 86' lang='lat' dir='ltr'><strong>satis</strong></span> 
     </span>
     <span class='ocr_line' id='line_1_10' title="bbox 121 1776 1146 1882; baseline 0.004 -27"><span class='ocrx_word' id='word_1_67' title='bbox 121 1781 303 1880; x_wconf 81' lang='lat' dir='ltr'>religione</span> <span class='ocrx_word' id='word_1_68' title='bbox 331 1776 465 1856; x_wconf 84' lang='lat' dir='ltr'><strong>litaiit&#39;&#39;</strong></span> <span class='ocrx_word' id='word_1_69' title='bbox 480 1784 534 1878; x_wconf 39' lang='lat'><strong>&#39;).⁸</strong></span> <span class='ocrx_word' id='word_1_70' title='bbox 566 1785 685 1875; x_wconf 81' lang='lat' dir='ltr'><strong>Quare</strong></span> <span class='ocrx_word' id='word_1_71' title='bbox 715 1784 894 1858; x_wconf 85' lang='lat' dir='ltr'><strong>Iardnero</strong></span> <span class='ocrx_word' id='word_1_72' title='bbox 926 1785 1030 1882; x_wconf 90' lang='lat' dir='ltr'><strong>plane</strong></span> <span class='ocrx_word' id='word_1_73' title='bbox 1067 1811 1146 1859; x_wconf 92' lang='lat' dir='ltr'><strong>con·</strong></span> 
     </span>
     <span class='ocr_line' id='line_1_11' title="bbox 122 1926 1147 2024; baseline 0.001 -25"><span class='ocrx_word' id='word_1_74' title='bbox 122 1926 264 1999; x_wconf 86' lang='lat' dir='ltr'><strong>sentio:</strong></span> <span class='ocrx_word' id='word_1_75' title='bbox 299 1950 417 1999; x_wconf 88' lang='lat' dir='ltr'><strong>revera</strong></span> <span class='ocrx_word' id='word_1_76' title='bbox 442 1935 563 1999; x_wconf 84' lang='lat' dir='ltr'><strong>auctor</strong></span> <span class='ocrx_word' id='word_1_77' title='bbox 587 1936 705 2000; x_wconf 88' lang='lat' dir='ltr'><strong>noster</strong></span> <span class='ocrx_word' id='word_1_78' title='bbox 730 1936 804 2001; x_wconf 89' lang='lat' dir='ltr'><strong>erat</strong></span> <span class='ocrx_word' id='word_1_79' title='bbox 828 1928 966 2000; x_wconf 80' lang='lat' dir='ltr'><strong>virtutis</strong></span> <span class='ocrx_word' id='word_1_80' title='bbox 997 1952 1147 2024; x_wconf 82' lang='lat' dir='ltr'><strong>magnus</strong></span> 
     </span>
     <span class='ocr_line' id='line_1_12' title="bbox 122 2066 1146 2167; baseline 0.001 -26"><span class='ocrx_word' id='word_1_81' title='bbox 122 2066 337 2153; x_wconf 87' lang='lat' dir='ltr'><strong>admirator,</strong></span> <span class='ocrx_word' id='word_1_82' title='bbox 375 2088 415 2141; x_wconf 91' lang='lat' dir='ltr'><strong>ac</strong></span> <span class='ocrx_word' id='word_1_83' title='bbox 456 2068 712 2142; x_wconf 82' lang='lat' dir='ltr'><strong>studiosissime</strong></span> <span class='ocrx_word' id='word_1_84' title='bbox 750 2070 841 2167; x_wconf 85' lang='lat' dir='ltr'><strong>ejus</strong></span> <span class='ocrx_word' id='word_1_85' title='bbox 864 2069 1146 2143; x_wconf 77' lang='lat' dir='ltr'><strong>exercitationem</strong></span> 
     </span>
     <span class='ocr_line' id='line_1_13' title="bbox 123 2209 1146 2302; baseline 0.004 -21"><span class='ocrx_word' id='word_1_86' title='bbox 123 2209 341 2282; x_wconf 84' lang='lat' dir='ltr'><strong>Christianis</strong></span> <span class='ocrx_word' id='word_1_87' title='bbox 358 2209 615 2285; x_wconf 83' lang='lat' dir='ltr'><strong>commendavit</strong></span> <span class='ocrx_word' id='word_1_88' title='bbox 627 2211 662 2301; x_wconf 84' lang='lat'><strong>⁸).</strong></span> <span class='ocrx_word' id='word_1_89' title='bbox 701 2210 840 2302; x_wconf 80' lang='lat' dir='ltr'><strong>Quibus</strong></span> <span class='ocrx_word' id='word_1_90' title='bbox 858 2212 1022 2284; x_wconf 87' lang='lat' dir='ltr'><strong>omnibus</strong></span> <span class='ocrx_word' id='word_1_91' title='bbox 1047 2237 1146 2286; x_wconf 88' lang='lat' dir='ltr'><strong>accu-</strong></span> 
     </span>
     <span class='ocr_line' id='line_1_14' title="bbox 123 2351 1145 2452; baseline 0.005 -29"><span class='ocrx_word' id='word_1_92' title='bbox 123 2359 209 2424; x_wconf 88' lang='lat' dir='ltr'><strong>rate</strong></span> <span class='ocrx_word' id='word_1_93' title='bbox 233 2352 429 2449; x_wconf 84' lang='lat' dir='ltr'><strong>perpensis,</strong></span> <span class='ocrx_word' id='word_1_94' title='bbox 455 2351 545 2424; x_wconf 87' lang='lat' dir='ltr'><strong>nihil</strong></span> <span class='ocrx_word' id='word_1_95' title='bbox 571 2352 704 2439; x_wconf 84' lang='lat' dir='ltr'><strong>obstat,</strong></span> <span class='ocrx_word' id='word_1_96' title='bbox 733 2361 774 2425; x_wconf 88' lang='lat' dir='ltr'><strong>ut</strong></span> <span class='ocrx_word' id='word_1_97' title='bbox 795 2353 937 2451; x_wconf 92' lang='lat' dir='ltr'><strong>opinor,</strong></span> <span class='ocrx_word' id='word_1_98' title='bbox 956 2354 1145 2452; x_wconf 89' lang='lat' dir='ltr'><strong>quominus</strong></span> 
     </span>
     <span class='ocr_line' id='line_1_15' title="bbox 125 2492 1144 2594; baseline 0.004 -26"><span class='ocrx_word' id='word_1_99' title='bbox 125 2492 306 2568; x_wconf 81' lang='lat' dir='ltr'><strong>lactantii</strong></span> <span class='ocrx_word' id='word_1_100' title='bbox 338 2495 507 2568; x_wconf 86' lang='lat' dir='ltr'><strong>rationem</strong></span> <span class='ocrx_word' id='word_1_101' title='bbox 540 2495 771 2594; x_wconf 84' lang='lat' dir='ltr'><strong>theologicam</strong></span> <span class='ocrx_word' id='word_1_102' title='bbox 797 2498 1144 2572; x_wconf 70' lang='lat' dir='ltr'><strong>deotheriae-ethicam</strong></span> 
     </span>
    </p>
   </div>
   <div class='ocr_carea' id='block_1_3' title="bbox 125 2637 459 2711">
    <p class='ocr_par' dir='ltr' id='par_1_3' title="bbox 125 2637 459 2711">
     <span class='ocr_line' id='line_1_16' title="bbox 125 2637 459 2711; baseline 0 0"><span class='ocrx_word' id='word_1_103' title='bbox 125 2638 201 2711; x_wconf 86' lang='lat' dir='ltr'><strong>rite</strong></span> <span class='ocrx_word' id='word_1_104' title='bbox 226 2637 459 2711; x_wconf 86' lang='lat' dir='ltr'><strong>nominemus.</strong></span> 
     </span>
    </p>
   </div>
   <div class='ocr_carea' id='block_1_4' title="bbox 125 2938 1145 3330">
    <p class='ocr_par' dir='ltr' id='par_1_4' title="bbox 170 2938 885 3014">
     <span class='ocr_line' id='line_1_17' title="bbox 170 2938 885 3014; baseline 0.004 -19"><span class='ocrx_word' id='word_1_105' title='bbox 170 2939 195 3004; x_wconf 84' lang='lat'><strong>¹)</strong></span> <span class='ocrx_word' id='word_1_106' title='bbox 217 2940 277 2995; x_wconf 81' lang='lat' dir='ltr'><strong>niv.</strong></span> <span class='ocrx_word' id='word_1_107' title='bbox 296 2941 361 2996; x_wconf 83' lang='lat' dir='ltr'><strong>Inst.</strong></span> <span class='ocrx_word' id='word_1_108' title='bbox 381 2942 425 2995; x_wconf 91' lang='lat' dir='ltr'><strong>lib.</strong></span> <span class='ocrx_word' id='word_1_109' title='bbox 447 2938 494 2996; x_wconf 85' lang='lat' dir='ltr'><strong>Vl.</strong></span> <span class='ocrx_word' id='word_1_110' title='bbox 515 2959 572 3013; x_wconf 88' lang='lat' dir='ltr'><strong>cap.</strong></span> <span class='ocrx_word' id='word_1_111' title='bbox 596 2944 619 2996; x_wconf 94' lang='lat' dir='ltr'><strong>l.</strong></span> <span class='ocrx_word' id='word_1_112' title='bbox 637 2961 701 3013; x_wconf 77' lang='lat' dir='ltr'><strong>pag.</strong></span> <span class='ocrx_word' id='word_1_113' title='bbox 722 2942 777 3003; x_wconf 88' lang='lat'><strong>700</strong></span> <span class='ocrx_word' id='word_1_114' title='bbox 795 2961 885 3014; x_wconf 79' lang='lat' dir='ltr'><strong>supra.</strong></span> 
     </span>
    </p>

    <p class='ocr_par' dir='ltr' id='par_1_5' title="bbox 125 3041 1145 3330">
     <span class='ocr_line' id='line_1_18' title="bbox 168 3041 1144 3119; baseline 0.006 -19"><span class='ocrx_word' id='word_1_115' title='bbox 168 3041 195 3109; x_wconf 75' lang='lat'><strong>²)</strong></span> <span class='ocrx_word' id='word_1_116' title='bbox 215 3046 344 3114; x_wconf 68' lang='lat' dir='ltr'><strong>„indeed</strong></span> <span class='ocrx_word' id='word_1_117' title='bbox 365 3065 414 3101; x_wconf 89' lang='lat' dir='ltr'><strong>our</strong></span> <span class='ocrx_word' id='word_1_118' title='bbox 433 3047 529 3102; x_wconf 88' lang='lat' dir='ltr'><strong>author</strong></span> <span class='ocrx_word' id='word_1_119' title='bbox 549 3065 601 3103; x_wconf 82' lang='lat' dir='ltr'><strong>was</strong></span> <span class='ocrx_word' id='word_1_120' title='bbox 619 3067 635 3102; x_wconf 89' lang='lat' dir='ltr'><strong>a</strong></span> <span class='ocrx_word' id='word_1_121' title='bbox 654 3056 728 3119; x_wconf 81' lang='lat' dir='ltr'><strong>great</strong></span> <span class='ocrx_word' id='word_1_122' title='bbox 747 3049 860 3103; x_wconf 86' lang='lat' dir='ltr'><strong>admirer</strong></span> <span class='ocrx_word' id='word_1_123' title='bbox 879 3049 911 3104; x_wconf 83' lang='lat' dir='ltr'><strong>of</strong></span> <span class='ocrx_word' id='word_1_124' title='bbox 926 3050 1011 3104; x_wconf 86' lang='lat' dir='ltr'><strong>virtue</strong></span> <span class='ocrx_word' id='word_1_125' title='bbox 1030 3050 1083 3103; x_wconf 82' lang='lat' dir='ltr'><strong>and</strong></span> <span class='ocrx_word' id='word_1_126' title='bbox 1097 3049 1144 3106; x_wconf 84' lang='lat' dir='ltr'><strong>has</strong></span> 
     </span>
     <span class='ocr_line' id='line_1_19' title="bbox 125 3152 1145 3225; baseline 0.003 -20"><span class='ocrx_word' id='word_1_127' title='bbox 125 3160 203 3206; x_wconf 88' lang='lat' dir='ltr'><strong>most</strong></span> <span class='ocrx_word' id='word_1_128' title='bbox 231 3152 361 3224; x_wconf 84' lang='lat' dir='ltr'><strong>earnestly</strong></span> <span class='ocrx_word' id='word_1_129' title='bbox 390 3154 589 3207; x_wconf 86' lang='lat' dir='ltr'><strong>recommendod</strong></span> <span class='ocrx_word' id='word_1_130' title='bbox 618 3154 662 3208; x_wconf 87' lang='lat' dir='ltr'><strong>the</strong></span> <span class='ocrx_word' id='word_1_131' title='bbox 691 3153 804 3225; x_wconf 88' lang='lat' dir='ltr'><strong>practice</strong></span> <span class='ocrx_word' id='word_1_132' title='bbox 833 3154 865 3208; x_wconf 87' lang='lat' dir='ltr'><strong>of</strong></span> <span class='ocrx_word' id='word_1_133' title='bbox 886 3154 907 3209; x_wconf 90' lang='lat' dir='ltr'><strong>it</strong></span> <span class='ocrx_word' id='word_1_134' title='bbox 925 3163 954 3208; x_wconf 86' lang='lat' dir='ltr'><strong>to</strong></span> <span class='ocrx_word' id='word_1_135' title='bbox 973 3154 1145 3209; x_wconf 82' lang='lat' dir='ltr'><strong>Christians.”</strong></span> 
     </span>
     <span class='ocr_line' id='line_1_20' title="bbox 127 3229 1142 3330; baseline 0 -18"><span class='ocrx_word' id='word_1_136' title='bbox 127 3258 297 3312; x_wconf 70' lang='lat' dir='ltr'><strong>Laconas:</strong></span> <span class='ocrx_word' id='word_1_137' title='bbox 319 3256 474 3329; x_wconf 85' lang='lat' dir='ltr'><strong>Credibility</strong></span> <span class='ocrx_word' id='word_1_138' title='bbox 489 3257 521 3312; x_wconf 86' lang='lat' dir='ltr'><strong>of</strong></span> <span class='ocrx_word' id='word_1_139' title='bbox 530 3258 575 3312; x_wconf 87' lang='lat' dir='ltr'><strong>the</strong></span> <span class='ocrx_word' id='word_1_140' title='bbox 585 3229 694 3329; x_wconf 71' lang='lat' dir='ltr'><strong>Gospel.</strong></span> <span class='ocrx_word' id='word_1_141' title='bbox 714 3258 774 3312; x_wconf 84' lang='lat' dir='ltr'><strong>hist.</strong></span> <span class='ocrx_word' id='word_1_142' title='bbox 796 3276 855 3330; x_wconf 78' lang='lat' dir='ltr'><strong>pag.</strong></span> <span class='ocrx_word' id='word_1_143' title='bbox 865 3257 932 3322; x_wconf 78' lang='lat'><strong>271,</strong></span> <span class='ocrx_word' id='word_1_144' title='bbox 945 3276 1035 3329; x_wconf 85' lang='lat' dir='ltr'><strong>supra,</strong></span> <span class='ocrx_word' id='word_1_145' title='bbox 1045 3258 1097 3315; x_wconf 87' lang='lat' dir='ltr'><strong>vol.</strong></span> <span class='ocrx_word' id='word_1_146' title='bbox 1107 3259 1142 3312; x_wconf 87' lang='lat'><strong>11.</strong></span> 
     </span>
    </p>
   </div>
   <div class='ocr_carea' id='block_1_5' title="bbox 0 0 1411 5150">
    <p class='ocr_par' dir='ltr' id='par_1_6' title="bbox 0 0 1411 5150">
     <span class='ocr_line' id='line_1_21' title="bbox 0 0 1411 5150; baseline 0 0"><span class='ocrx_word' id='word_1_147' title='bbox 0 0 1411 5150; x_wconf 95' lang='lat' dir='ltr'><strong> </strong></span> 
     </span>
    </p>
   </div>
  </div>
 </body>
</html>
