2792 5150
707 420 785 437 iro

722 434 905 453 „„,.,e³

124 725 322 800 secundum
342 727 493 802 auctoris
514 727 717 826 opinionem
742 726 788 799 sit
809 732 844 798 et
865 723 1043 822 quomodo
1064 748 1138 796 sese

123 866 171 939 ab
191 866 270 940 aliis
286 868 458 966 ejusmodi
473 868 643 942 institutis
656 868 859 964 distinguat.
886 864 953 938 Illa
965 873 1018 938 est
1029 872 1136 940 aeter·

124 1033 215 1082 num
251 1009 423 1109 templum
452 1036 473 1083 a
510 1010 647 1084 Christo
685 1009 885 1095 conditum,
924 1016 965 1083 ut
1002 1007 1138 1080 univer·

126 1175 180 1223 sas
206 1160 327 1248 gentes
352 1151 396 1224 ad
422 1151 626 1247 religionem
654 1151 722 1225 Dei
739 1151 812 1223 vari
828 1157 1041 1222 convocaret.
1066 1149 1139 1260 Est

125 1301 304 1391 praeterea
338 1319 459 1368 verum
493 1295 667 1393 templum
698 1294 768 1366 Dei
799 1293 836 1365 in
868 1291 973 1365 corde
1005 1289 1138 1364 aclide

125 1434 327 1521 hominum,
353 1435 420 1532 qui
439 1435 600 1509 credunt
614 1436 651 1507 in
674 1460 757 1507 eum
774 1459 813 1507 ac
822 1436 946 1532 fideles
959 1442 1137 1506 vocantur.

125 1575 371 1649 Fundamenta
404 1577 511 1674 hujus
524 1576 716 1691 Qniae
745 1575 906 1674 Apostoli
928 1582 1137 1674 posuerunt,

126 1727 164 1791 et
193 1717 266 1791 sola
291 1744 331 1791 ea
357 1719 535 1793 Catholiea
560 1727 629 1805 est,
655 1720 692 1790 in
719 1743 791 1815 qua
816 1726 869 1791 est
893 1712 1081 1804 confessio,
1104 1726 1140 1790 et

124 1860 358 1959 poenitentia,
383 1887 472 1959 quae
497 1870 638 1959 peccata
663 1870 698 1934 et
714 1860 860 1934 vulnera
876 1860 1064 1934 salubriter
1081 1885 1139 1933 cu·

123 2003 227 2091 rat¹).
279 2002 416 2076 Deinde
441 2003 485 2076 de
502 2007 717 2099 mendatio
743 2027 854 2101 paene
875 2002 929 2075 his
949 2002 1064 2075 verbis
1081 2027 1139 2074 au·

125 2151 202 2216 otor
234 2145 439 2218 sententiam
469 2171 570 2219 suam
607 2146 780 2244 exprimit.
832 2146 909 2218 Deo
942 2145 1137 2218 satisfacere

125 2266 332 2382 nossemus,
359 2287 388 2359 si
412 2287 589 2384 poeniteat
614 2296 791 2373 actorum,
819 2295 854 2360 et
877 2312 940 2360 nos
958 2287 1002 2360 ad
1022 2288 1139 2360 Deum
1222 2278 1225 2287 ’

124 2436 387 2514 convertamur;
409 2452 490 2500 nam
515 2428 575 2502 ille
601 2454 742 2502 morum
766 2430 1009 2531 emendatione
1026 2428 1140 2528 placa-

126 2579 196 2644 tur.
226 2569 342 2661 Quem
362 2571 455 2645 enirn
471 2571 553 2645 facti
565 2571 620 2645 sui
632 2598 713 2646 vere
726 2571 900 2671 poenitet,
917 2571 974 2646 hic
988 2596 1138 2645 errorem

127 2737 234 2785 suum
259 2711 441 2809 intelligia
463 2713 544 2786 ideo
561 2712 775 2786 Graecorum
791 2714 940 2787 verbum
957 2712 1140 2810 μετάνοια

127 2854 382 2950 significantius
418 2865 471 2927 est
504 2880 610 2953 quam
643 2859 902 2952 reanoiacentia,
929 2879 1000 2953 quo
1026 2855 1141 2928 Latini

130 3006 290 3070 utuntur.
342 2996 408 3071 Ille
440 2997 549 3094 igitur
584 3022 703 3071 revera
735 2998 923 3097 resipiscit,
955 3023 1061 3096 quem
1091 3023 1142 3070 er·

127 3139 195 3211 rati
229 3141 345 3238 piget,
384 3149 419 3212 et
453 3140 517 3240 qui
549 3140 732 3212 confirmat
767 3141 924 3213 animum
960 3165 1065 3214 suum
1097 3140 1142 3212 ad

129 3280 258 3354 rectius
291 3281 490 3354 vivendum.
544 3281 681 3363 Peccati
715 3282 926 3355 conscicntia
959 3291 995 3355 et
1026 3290 1143 3355 metus

127 3449 259 3522 poenae
296 3424 475 3499 hominem
514 3424 753 3523 religiosorem
791 3425 920 3512 facit’).
983 3424 1142 3499 Tandem

127 3565 268 3664 lapsum
299 3566 484 3640 hominum
517 3591 559 3638 ex
580 3591 652 3652 eo,
684 3567 837 3640 referens
862 3566 907 3640 ad
933 3566 1042 3639 Mosis
1068 3591 1143 3638 nar·

128 3707 317 3793 rationem,
342 3707 495 3790 derivat,
519 3708 616 3804 quod
642 3707 871 3808 Criminator,
893 3707 1053 3781 invidens
1075 3707 1144 3780 Dei

127 3849 313 3949 operibus,
348 3874 469 3923 omnes
494 3848 703 3924 calliditates
729 3875 808 3923 suas
833 3849 986 3922 intendit
1010 3847 1055 3921 ad
1081 3848 1142 3921 ho·

166 4066 189 4132 ¹)
210 4068 271 4121 Div.
291 4069 356 4122 Inst.
378 4068 423 4122 lib.
443 4069 492 4123 lV.
512 4086 570 4139 cap.
593 4071 642 4131 13,
664 4069 713 4133 14,
734 4070 780 4121 21.

167 4168 192 4235 ⁹)
213 4171 276 4227 niv.
296 4172 362 4226 lnst.
381 4171 427 4225 lib,
447 4172 484 4230 V.
503 4190 561 4244 cap.
582 4172 627 4235 13;
648 4174 696 4227 vl.
720 4173 770 4237 13,
791 4174 843 4235 24,
863 4174 908 4228 26.
