2792 5150
595 446 670 572 '19

93 720 96 727 ’
139 706 327 779 scribendo
348 708 531 783 dicaverat.
571 710 868 800 Quamobrem,
896 724 937 787 ut
962 717 1047 789 mihi
1069 742 1150 790 sane

137 848 291 935 videtur,
317 850 518 924 Lactantius
542 853 648 926 hocce
671 864 942 929 monumentum
969 858 1150 955 divulgare

139 1014 212 1066 non
233 993 351 1088 potuit
376 1017 467 1066 anno
493 997 583 1081 306,
611 995 706 1092 quod
720 995 781 1068 alii
794 1006 927 1094 putant.
966 999 1083 1089 Quare
1100 1001 1150 1074 du

141 1139 295 1235 Fresnoy
312 1147 412 1236 putet
438 1163 520 1210 eum
545 1138 609 1211 hoo
634 1140 783 1212 edidisse
808 1140 923 1213 forsan
954 1168 1046 1215 anno
1077 1148 1149 1217 320

139 1289 202 1355 aut
227 1285 317 1368 321,
343 1306 449 1378 quam
469 1282 675 1354 senteutiam
696 1282 800 1356 multi
822 1309 963 1381 quoque
988 1286 1047 1358 alii
1074 1312 1149 1359 am·

137 1423 233 1520 plexi
258 1433 350 1496 sunt.

191 1564 271 1637 Hoc
304 1590 422 1637 revera
455 1566 622 1637 eximium
653 1591 741 1664 opus
774 1567 920 1665 scriptor
953 1570 1149 1667 composuit

138 1733 210 1781 non
236 1709 343 1781 modo
372 1717 491 1781 contra
520 1709 609 1782 duos
643 1710 857 1784 Christianae
887 1712 1065 1809 religionis
1091 1714 1149 1787 ad·

136 1851 308 1923 versarios
337 1851 539 1938 acerrimos,
578 1851 623 1924 ad
652 1877 740 1949 quos
764 1853 825 1926 lib.
854 1857 874 1924 5
902 1853 1049 1941 alludit,
1088 1856 1150 1929 sed

137 1992 176 2063 in
201 2015 329 2093 genere
354 1993 458 2065 etiam
487 2005 606 2065 contra
632 2019 689 2066 eos
720 2019 858 2080 omnes
886 1997 948 2092 qui
974 1996 1150 2071 doctrinae

136 2133 162 2204 J
166 2158 227 2204 esu
263 2132 392 2205 Christi
428 2135 500 2230 jam
545 2144 625 2207 ante
663 2159 744 2207 eum
780 2147 1058 2233 repugnaverant
1094 2139 1150 2211 vel

137 2300 203 2347 sua
227 2284 339 2348 aetate
364 2277 617 2374 repugnabant.
669 2278 747 2350 Imo
765 2278 930 2351 fidelibus
947 2305 1150 2354 succurrere

136 2417 234 2503 vult,
265 2419 314 2490 ita
342 2427 383 2491 ut
411 2419 453 2491 iis
470 2428 676 2516 argumenta
702 2424 842 2518 ¹praesto
868 2432 1001 2508 essent,
1021 2423 1151 2518 quibus

138 2561 369 2634 Ethnicorum
402 2588 533 2635 errores
559 2562 716 2637 refellere
739 2563 873 2662 possint
899 2564 1150 2664 religionisque

139 2702 353 2776 Christianae
377 2705 557 2777 veritatem
583 2730 735 2778 asserere
747 2706 780 2794 ¹).
817 2706 916 2796 Quae
933 2706 1148 2793 lucubratio,

93 2883 96 2889 <
139 2855 300 2918 constans
323 2847 424 2920 libris
452 2846 542 2933 Vll,
568 2848 605 2919 in
637 2848 723 2920 duas
748 2850 935 2948 praecipue
959 2860 1075 2949 partes
1101 2852 1151 2924 di-

138 2989 211 3061 vidi
233 2998 356 3087 potest.
396 2991 496 3063 Prior
520 2991 718 3064 continetur
742 2992 843 3064 libris
863 2994 1005 3079 Ι-ΠΙ,
1021 2996 1150 3091 quibus

138 3134 301 3207 refutatio
326 3134 429 3207 datur
453 3134 676 3232 polytheismi
702 3144 737 3208 et
761 3136 998 3234 philosophiae
1005 3173 1013 3224 ;
1040 3146 1152 3235 poste·

138 3277 219 3362 rior,
240 3276 474 3374 complectens
493 3276 603 3349 libros
621 3277 811 3363 Iv-VH,
834 3279 937 3351 nobis
950 3279 1017 3351 sub
1031 3280 1151 3352 oculos

176 3518 199 3584 ¹)
220 3522 311 3590 „Sicut
330 3525 471 3593 prudentes
490 3532 517 3577 et
535 3523 625 3577 arbitri
646 3523 785 3594 aequitatis
804 3522 982 3579 institutiones
993 3524 1058 3594 juris
1067 3524 1150 3581 civilis

138 3628 296 3698 compositas
324 3629 480 3700 vulgaruut;
510 3629 606 3700 quibus
633 3628 815 3683 dissidentium
842 3629 900 3684 lites
919 3630 1152 3701 contentionesque

139 3721 272 3802 sopirent;¹
297 3732 333 3786 sic
364 3733 422 3789 niv.
441 3735 517 3788 lust.
546 3751 578 3788 eo
605 3734 770 3805 potissimum
799 3735 897 3805 publici
925 3736 991 3804 juris
1017 3736 1078 3790 lecit
1103 3739 1152 3790 La·

138 3836 263 3900 nautius,
287 3845 318 3889 ut
339 3837 460 3891 fidelibus
484 3856 539 3892 uuo
559 3839 633 3909 quasi
652 3838 752 3893 iutuitu
771 3847 865 3893 cuncta
885 3849 987 3909 praesto
1007 3850 1094 3893 essent
1113 3858 1153 3893 ar·

137 3949 275 4011 gamem,
296 3941 391 4012 quibus
417 3942 555 4013 gentilium
584 3960 682 3997 errores
711 3944 872 3997 revincereut
897 3952 924 3998 et
950 3953 1092 3998 assererent
1111 3945 1151 3997 in-

137 4046 247 4100 fractam
266 4046 311 4100 rel.
331 4046 427 4101 Christ.
449 4048 609 4102 veritatem”.
639 4048 710 4102 Vide
719 4066 759 4104 uu
775 4065 920 4103 rnasivov.
941 4049 1150 4104 Praetinusn.

137 4168 197 4221 pag.
217 4150 268 4204 IV.
289 4150 341 4205 vol.
362 4152 383 4206 l.
403 4153 445 4206 ed.
466 4152 545 4212 1748.
