<?xml version="1.0" encoding="UTF-8"?>
<!DOCTYPE html PUBLIC "-//W3C//DTD XHTML 1.0 Transitional//EN"
    "http://www.w3.org/TR/xhtml1/DTD/xhtml1-transitional.dtd">
<html xmlns="http://www.w3.org/1999/xhtml" xml:lang="en" lang="en">
 <head>
  <title>
</title>
<meta http-equiv="Content-Type" content="text/html;charset=utf-8" />
  <meta name='ocr-system' content='tesseract 3.04.00' />
  <meta name='ocr-capabilities' content='ocr_page ocr_carea ocr_par ocr_line ocrx_word'/>
</head>
<body>
  <div class='ocr_page' id='page_1' title='image "./specimenhistori00kotzgoog_0064.png"; bbox 0 0 2792 5150; ppageno 0'>
   <div class='ocr_carea' id='block_1_1' title="bbox 722 513 797 603">
    <p class='ocr_par' dir='ltr' id='par_1_1' title="bbox 722 513 797 603">
     <span class='ocr_line' id='line_1_1' title="bbox 722 513 797 603; baseline 0 -19"><span class='ocrx_word' id='word_1_1' title='bbox 722 513 797 603; x_wconf 44' lang='lat'>‚40</span> 
     </span>
    </p>
   </div>
   <div class='ocr_carea' id='block_1_2' title="bbox 258 717 1282 3250">
    <p class='ocr_par' dir='ltr' id='par_1_2' title="bbox 258 717 1282 3250">
     <span class='ocr_line' id='line_1_2' title="bbox 269 717 1282 825; baseline 0.007 -32"><span class='ocrx_word' id='word_1_2' title='bbox 269 717 428 794; x_wconf 89' lang='lat' dir='ltr'>Romano</span> <span class='ocrx_word' id='word_1_3' title='bbox 452 721 569 819; x_wconf 86' lang='lat' dir='ltr'>vigere</span> <span class='ocrx_word' id='word_1_4' title='bbox 594 747 752 795; x_wconf 90' lang='lat' dir='ltr'>necnon</span> <span class='ocrx_word' id='word_1_5' title='bbox 779 721 929 796; x_wconf 87' lang='lat' dir='ltr'>diffundi</span> <span class='ocrx_word' id='word_1_6' title='bbox 950 725 1081 825; x_wconf 87' lang='lat' dir='ltr'>coepit,</span> <span class='ocrx_word' id='word_1_7' title='bbox 1107 751 1148 799; x_wconf 92' lang='lat' dir='ltr'>eo</span> <span class='ocrx_word' id='word_1_8' title='bbox 1166 726 1282 824; x_wconf 88' lang='lat' dir='ltr'>magis</span> 
     </span>
     <span class='ocr_line' id='line_1_3' title="bbox 268 863 1279 968; baseline 0.006 -32"><span class='ocrx_word' id='word_1_9' title='bbox 268 863 472 937; x_wconf 89' lang='lat' dir='ltr'>Christianis</span> <span class='ocrx_word' id='word_1_10' title='bbox 492 889 580 962; x_wconf 92' lang='lat' dir='ltr'>opus</span> <span class='ocrx_word' id='word_1_11' title='bbox 601 876 673 938; x_wconf 88' lang='lat' dir='ltr'>erat</span> <span class='ocrx_word' id='word_1_12' title='bbox 699 864 942 939; x_wconf 82' lang='lat' dir='ltr'><strong>defensoribus</strong></span> <span class='ocrx_word' id='word_1_13' title='bbox 967 868 1112 941; x_wconf 88' lang='lat' dir='ltr'>cruditis</span> <span class='ocrx_word' id='word_1_14' title='bbox 1136 894 1176 942; x_wconf 93' lang='lat' dir='ltr'>ac</span> <span class='ocrx_word' id='word_1_15' title='bbox 1195 869 1279 968; x_wconf 89' lang='lat' dir='ltr'>phi·</span> 
     </span>
     <span class='ocr_line' id='line_1_4' title="bbox 266 1005 1278 1107; baseline 0.007 -30"><span class='ocrx_word' id='word_1_16' title='bbox 266 1005 440 1104; x_wconf 92' lang='lat' dir='ltr'>losophice</span> <span class='ocrx_word' id='word_1_17' title='bbox 458 1007 637 1081; x_wconf 81' lang='lat' dir='ltr'>institutis</span> <span class='ocrx_word' id='word_1_18' title='bbox 670 1006 850 1104; x_wconf 82' lang='lat' dir='ltr'>Siquidem</span> <span class='ocrx_word' id='word_1_19' title='bbox 874 1010 1071 1107; x_wconf 83' lang='lat' dir='ltr'>eloquentia</span> <span class='ocrx_word' id='word_1_20' title='bbox 1093 1022 1128 1085; x_wconf 89' lang='lat' dir='ltr'>et</span> <span class='ocrx_word' id='word_1_21' title='bbox 1148 1012 1278 1085; x_wconf 91' lang='lat' dir='ltr'>doctri·</span> 
     </span>
     <span class='ocr_line' id='line_1_5' title="bbox 266 1148 1277 1253; baseline 0.006 -32"><span class='ocrx_word' id='word_1_22' title='bbox 266 1173 311 1220; x_wconf 91' lang='lat' dir='ltr'>na</span> <span class='ocrx_word' id='word_1_23' title='bbox 324 1148 515 1236; x_wconf 85' lang='lat' dir='ltr'><strong>Ciceronis,</strong></span> <span class='ocrx_word' id='word_1_24' title='bbox 532 1175 595 1249; x_wconf 91' lang='lat' dir='ltr'>per</span> <span class='ocrx_word' id='word_1_25' title='bbox 611 1175 718 1247; x_wconf 90' lang='lat' dir='ltr'>quem</span> <span class='ocrx_word' id='word_1_26' title='bbox 734 1151 886 1250; x_wconf 89' lang='lat' dir='ltr'>populus</span> <span class='ocrx_word' id='word_1_27' title='bbox 905 1153 1086 1227; x_wconf 87' lang='lat' dir='ltr'>Romanus</span> <span class='ocrx_word' id='word_1_28' title='bbox 1103 1155 1277 1253; x_wconf 88' lang='lat' dir='ltr'>sapientia</span> 
     </span>
     <span class='ocr_line' id='line_1_6' title="bbox 266 1291 1274 1389; baseline 0.008 -27"><span class='ocrx_word' id='word_1_29' title='bbox 266 1291 499 1389; x_wconf 91' lang='lat' dir='ltr'>omnibusque</span> <span class='ocrx_word' id='word_1_30' title='bbox 530 1291 602 1364; x_wconf 89' lang='lat' dir='ltr'>fere</span> <span class='ocrx_word' id='word_1_31' title='bbox 631 1292 756 1366; x_wconf 90' lang='lat' dir='ltr'>studiis</span> <span class='ocrx_word' id='word_1_32' title='bbox 782 1293 996 1367; x_wconf 89' lang='lat' dir='ltr'>Graecorum</span> <span class='ocrx_word' id='word_1_33' title='bbox 1021 1296 1274 1370; x_wconf 81' lang='lat' dir='ltr'>humaniorum</span> 
     </span>
     <span class='ocr_line' id='line_1_7' title="bbox 264 1432 1273 1532; baseline 0.006 -27"><span class='ocrx_word' id='word_1_34' title='bbox 264 1432 394 1506; x_wconf 82' lang='lat' dir='ltr'>imbuti</span> <span class='ocrx_word' id='word_1_35' title='bbox 419 1443 530 1521; x_wconf 89' lang='lat' dir='ltr'>erant,</span> <span class='ocrx_word' id='word_1_36' title='bbox 549 1459 661 1532; x_wconf 92' lang='lat' dir='ltr'>usque</span> <span class='ocrx_word' id='word_1_37' title='bbox 679 1435 725 1508; x_wconf 90' lang='lat' dir='ltr'>ad</span> <span class='ocrx_word' id='word_1_38' title='bbox 742 1444 891 1508; x_wconf 86' lang='lat' dir='ltr'>aetatem</span> <span class='ocrx_word' id='word_1_39' title='bbox 908 1435 1128 1510; x_wconf 79' lang='lat' dir='ltr'>Constantini</span> <span class='ocrx_word' id='word_1_40' title='bbox 1146 1437 1273 1532; x_wconf 82' lang='lat' dir='ltr'>Magni</span> 
     </span>
     <span class='ocr_line' id='line_1_8' title="bbox 264 1576 1274 1673; baseline 0.005 -27"><span class='ocrx_word' id='word_1_41' title='bbox 264 1600 365 1647; x_wconf 90' lang='lat' dir='ltr'>suam</span> <span class='ocrx_word' id='word_1_42' title='bbox 397 1576 468 1648; x_wconf 90' lang='lat' dir='ltr'>vim</span> <span class='ocrx_word' id='word_1_43' title='bbox 500 1585 604 1673; x_wconf 88' lang='lat' dir='ltr'>atque</span> <span class='ocrx_word' id='word_1_44' title='bbox 636 1577 878 1651; x_wconf 87' lang='lat' dir='ltr'>auctoritatem</span> <span class='ocrx_word' id='word_1_45' title='bbox 902 1578 1029 1651; x_wconf 90' lang='lat' dir='ltr'>habere</span> <span class='ocrx_word' id='word_1_46' title='bbox 1066 1603 1136 1651; x_wconf 92' lang='lat' dir='ltr'>non</span> <span class='ocrx_word' id='word_1_47' title='bbox 1163 1578 1274 1652; x_wconf 83' lang='lat' dir='ltr'>desie-</span> 
     </span>
     <span class='ocr_line' id='line_1_9' title="bbox 263 1717 1273 1817; baseline 0.005 -28"><span class='ocrx_word' id='word_1_48' title='bbox 263 1728 341 1790; x_wconf 87' lang='lat' dir='ltr'>rant</span> <span class='ocrx_word' id='word_1_49' title='bbox 356 1719 390 1807; x_wconf 89' lang='lat'>¹).</span> <span class='ocrx_word' id='word_1_50' title='bbox 441 1718 536 1808; x_wconf 78' lang='lat' dir='ltr'>Quin</span> <span class='ocrx_word' id='word_1_51' title='bbox 574 1727 610 1790; x_wconf 89' lang='lat' dir='ltr'>et</span> <span class='ocrx_word' id='word_1_52' title='bbox 647 1717 924 1792; x_wconf 87' lang='lat' dir='ltr'>Christianorum</span> <span class='ocrx_word' id='word_1_53' title='bbox 968 1718 1134 1816; x_wconf 76' lang='lat' dir='ltr'>plurimi,</span> <span class='ocrx_word' id='word_1_54' title='bbox 1170 1720 1273 1817; x_wconf 90' lang='lat' dir='ltr'>iique</span> 
     </span>
     <span class='ocr_line' id='line_1_10' title="bbox 264 1860 1272 1963; baseline 0.004 -31"><span class='ocrx_word' id='word_1_55' title='bbox 264 1860 415 1933; x_wconf 84' lang='lat' dir='ltr'>maxime</span> <span class='ocrx_word' id='word_1_56' title='bbox 445 1860 507 1957; x_wconf 92' lang='lat' dir='ltr'>qui</span> <span class='ocrx_word' id='word_1_57' title='bbox 542 1860 739 1934; x_wconf 87' lang='lat' dir='ltr'>litterarum</span> <span class='ocrx_word' id='word_1_58' title='bbox 775 1861 909 1958; x_wconf 91' lang='lat' dir='ltr'>aliquid</span> <span class='ocrx_word' id='word_1_59' title='bbox 946 1861 1153 1959; x_wconf 88' lang='lat' dir='ltr'>attigerunt,</span> <span class='ocrx_word' id='word_1_60' title='bbox 1190 1863 1272 1963; x_wconf 91' lang='lat' dir='ltr'>phi·</span> 
     </span>
     <span class='ocr_line' id='line_1_11' title="bbox 262 2002 1268 2104; baseline 0.004 -29"><span class='ocrx_word' id='word_1_61' title='bbox 262 2002 414 2101; x_wconf 89' lang='lat' dir='ltr'>losophis</span> <span class='ocrx_word' id='word_1_62' title='bbox 439 2011 474 2076; x_wconf 89' lang='lat' dir='ltr'>et</span> <span class='ocrx_word' id='word_1_63' title='bbox 498 2002 694 2076; x_wconf 89' lang='lat' dir='ltr'>oratoribus</span> <span class='ocrx_word' id='word_1_64' title='bbox 720 2013 754 2076; x_wconf 90' lang='lat' dir='ltr'>et</span> <span class='ocrx_word' id='word_1_65' title='bbox 778 2004 889 2102; x_wconf 75' lang='lat' dir='ltr'>poetis</span> <span class='ocrx_word' id='word_1_66' title='bbox 914 2012 1038 2077; x_wconf 87' lang='lat' dir='ltr'>nutare</span> <span class='ocrx_word' id='word_1_67' title='bbox 1063 2017 1268 2104; x_wconf 87' lang='lat' dir='ltr'>coeperunt.</span> 
     </span>
     <span class='ocr_line' id='line_1_12' title="bbox 263 2144 1271 2243; baseline 0.004 -26"><span class='ocrx_word' id='word_1_68' title='bbox 263 2144 503 2233; x_wconf 89' lang='lat' dir='ltr'>„,‚Instabiles</span> <span class='ocrx_word' id='word_1_69' title='bbox 529 2169 670 2242; x_wconf 90' lang='lat' dir='ltr'>quoque</span> <span class='ocrx_word' id='word_1_70' title='bbox 694 2145 790 2243; x_wconf 91' lang='lat' dir='ltr'>iique</span> <span class='ocrx_word' id='word_1_71' title='bbox 814 2145 947 2219; x_wconf 89' lang='lat' dir='ltr'>incauti</span> <span class='ocrx_word' id='word_1_72' title='bbox 970 2146 1078 2218; x_wconf 90' lang='lat' dir='ltr'>animi</span> <span class='ocrx_word' id='word_1_73' title='bbox 1098 2147 1271 2222; x_wconf 79' lang='lat' dir='ltr'>suavitate</span> 
     </span>
     <span class='ocr_line' id='line_1_13' title="bbox 262 2286 1270 2363; baseline 0.003 -3"><span class='ocrx_word' id='word_1_74' title='bbox 262 2312 383 2360; x_wconf 90' lang='lat' dir='ltr'>eorum</span> <span class='ocrx_word' id='word_1_75' title='bbox 425 2288 594 2360; x_wconf 91' lang='lat' dir='ltr'>sermonis</span> <span class='ocrx_word' id='word_1_76' title='bbox 628 2297 662 2359; x_wconf 90' lang='lat' dir='ltr'>et</span> <span class='ocrx_word' id='word_1_77' title='bbox 698 2286 859 2360; x_wconf 87' lang='lat' dir='ltr'>dulcium</span> <span class='ocrx_word' id='word_1_78' title='bbox 889 2288 1084 2360; x_wconf 84' lang='lat' dir='ltr'>carminum</span> <span class='ocrx_word' id='word_1_79' title='bbox 1108 2288 1270 2363; x_wconf 90' lang='lat' dir='ltr'>modula·</span> 
     </span>
     <span class='ocr_line' id='line_1_14' title="bbox 261 2429 1270 2520; baseline 0 -17"><span class='ocrx_word' id='word_1_80' title='bbox 261 2430 355 2503; x_wconf 92' lang='lat' dir='ltr'>tione</span> <span class='ocrx_word' id='word_1_81' title='bbox 387 2429 697 2503; x_wconf 89' lang='lat' dir='ltr'>irretiebantur.&#39;&#39;&#39;&#39;</span> <span class='ocrx_word' id='word_1_82' title='bbox 748 2429 888 2520; x_wconf 79' lang='lat' dir='ltr'>Quibus</span> <span class='ocrx_word' id='word_1_83' title='bbox 922 2429 1027 2503; x_wconf 88' lang='lat' dir='ltr'>rebus</span> <span class='ocrx_word' id='word_1_84' title='bbox 1062 2439 1212 2516; x_wconf 89' lang='lat' dir='ltr'>constat,</span> <span class='ocrx_word' id='word_1_85' title='bbox 1247 2457 1270 2503; x_wconf 91' lang='lat' dir='ltr'>a</span> 
     </span>
     <span class='ocr_line' id='line_1_15' title="bbox 262 2571 1269 2671; baseline 0.001 -25"><span class='ocrx_word' id='word_1_86' title='bbox 262 2572 401 2663; x_wconf 88' lang='lat' dir='ltr'>nemine</span> <span class='ocrx_word' id='word_1_87' title='bbox 421 2571 576 2671; x_wconf 87' lang='lat' dir='ltr'>potuisse</span> <span class='ocrx_word' id='word_1_88' title='bbox 597 2571 820 2658; x_wconf 84' lang='lat' dir='ltr'>Ciceronem,</span> <span class='ocrx_word' id='word_1_89' title='bbox 846 2597 951 2669; x_wconf 92' lang='lat' dir='ltr'>quam</span> <span class='ocrx_word' id='word_1_90' title='bbox 976 2599 996 2645; x_wconf 91' lang='lat' dir='ltr'>a</span> <span class='ocrx_word' id='word_1_91' title='bbox 1022 2572 1186 2646; x_wconf 81' lang='lat' dir='ltr'>Cicerone</span> <span class='ocrx_word' id='word_1_92' title='bbox 1211 2599 1269 2647; x_wconf 90' lang='lat' dir='ltr'>ve·</span> 
     </span>
     <span class='ocr_line' id='line_1_16' title="bbox 260 2714 1266 2806; baseline 0.004 -19"><span class='ocrx_word' id='word_1_93' title='bbox 260 2716 460 2788; x_wconf 90' lang='lat' dir='ltr'>hementius</span> <span class='ocrx_word' id='word_1_94' title='bbox 484 2714 637 2788; x_wconf 81' lang='lat' dir='ltr'>refutari.</span> <span class='ocrx_word' id='word_1_95' title='bbox 680 2714 919 2806; x_wconf 83' lang='lat' dir='ltr'>Quamobrem</span> <span class='ocrx_word' id='word_1_96' title='bbox 941 2717 1172 2789; x_wconf 89' lang='lat' dir='ltr'>necessarium</span> <span class='ocrx_word' id='word_1_97' title='bbox 1190 2729 1266 2792; x_wconf 88' lang='lat' dir='ltr'>erat</span> 
     </span>
     <span class='ocr_line' id='line_1_17' title="bbox 260 2856 1264 2955; baseline 0.002 -25"><span class='ocrx_word' id='word_1_98' title='bbox 260 2868 300 2930; x_wconf 90' lang='lat' dir='ltr'>ut</span> <span class='ocrx_word' id='word_1_99' title='bbox 332 2857 489 2931; x_wconf 89' lang='lat' dir='ltr'>doctores</span> <span class='ocrx_word' id='word_1_100' title='bbox 521 2856 639 2929; x_wconf 88' lang='lat' dir='ltr'>idonei</span> <span class='ocrx_word' id='word_1_101' title='bbox 672 2856 844 2955; x_wconf 89' lang='lat' dir='ltr'>peritique</span> <span class='ocrx_word' id='word_1_102' title='bbox 874 2868 1078 2953; x_wconf 80' lang='lat' dir='ltr'>surgerent,</span> <span class='ocrx_word' id='word_1_103' title='bbox 1105 2860 1264 2955; x_wconf 91' lang='lat' dir='ltr'>quinon</span> 
     </span>
     <span class='ocr_line' id='line_1_18' title="bbox 259 2997 1264 3098; baseline 0.001 -26"><span class='ocrx_word' id='word_1_104' title='bbox 259 2999 373 3072; x_wconf 88' lang='lat' dir='ltr'>solum</span> <span class='ocrx_word' id='word_1_105' title='bbox 404 3025 534 3072; x_wconf 90' lang='lat' dir='ltr'>errores</span> <span class='ocrx_word' id='word_1_106' title='bbox 566 2997 727 3098; x_wconf 88' lang='lat' dir='ltr'>publicos</span> <span class='ocrx_word' id='word_1_107' title='bbox 756 2998 984 3096; x_wconf 81' lang='lat' dir='ltr'>redarguere,</span> <span class='ocrx_word' id='word_1_108' title='bbox 1010 3024 1132 3072; x_wconf 89' lang='lat' dir='ltr'>verum</span> <span class='ocrx_word' id='word_1_109' title='bbox 1158 3001 1264 3074; x_wconf 90' lang='lat' dir='ltr'>etiam</span> 
     </span>
     <span class='ocr_line' id='line_1_19' title="bbox 258 3140 1266 3250; baseline 0 -35"><span class='ocrx_word' id='word_1_110' title='bbox 258 3168 414 3215; x_wconf 89' lang='lat' dir='ltr'>caussam</span> <span class='ocrx_word' id='word_1_111' title='bbox 438 3142 591 3215; x_wconf 90' lang='lat' dir='ltr'>veritatis</span> <span class='ocrx_word' id='word_1_112' title='bbox 616 3150 735 3214; x_wconf 88' lang='lat' dir='ltr'>ornate</span> <span class='ocrx_word' id='word_1_113' title='bbox 761 3140 967 3239; x_wconf 89' lang='lat' dir='ltr'>copioseque</span> <span class='ocrx_word' id='word_1_114' title='bbox 985 3141 1169 3214; x_wconf 81' lang='lat' dir='ltr'>defendere</span> <span class='ocrx_word' id='word_1_115' title='bbox 1185 3167 1266 3250; x_wconf 84' lang='lat' dir='ltr'>pos·</span> 
     </span>
    </p>
   </div>
   <div class='ocr_carea' id='block_1_3' title="bbox 257 3256 1264 3381">
    <p class='ocr_par' dir='ltr' id='par_1_3' title="bbox 257 3256 1264 3381">
     <span class='ocr_line' id='line_1_20' title="bbox 257 3256 1264 3381; baseline -0.001 -24"><span class='ocrx_word' id='word_1_116' title='bbox 257 3295 342 3357; x_wconf 87' lang='lat' dir='ltr'>sent.</span> <span class='ocrx_word' id='word_1_117' title='bbox 394 3284 518 3381; x_wconf 90' lang='lat' dir='ltr'>Neque</span> <span class='ocrx_word' id='word_1_118' title='bbox 543 3294 662 3357; x_wconf 85' lang='lat' dir='ltr'>auctor</span> <span class='ocrx_word' id='word_1_119' title='bbox 688 3284 790 3356; x_wconf 89' lang='lat' dir='ltr'>Instt.</span> <span class='ocrx_word' id='word_1_120' title='bbox 815 3283 889 3381; x_wconf 89' lang='lat' dir='ltr'>ipse</span> <span class='ocrx_word' id='word_1_121' title='bbox 906 3282 1005 3354; x_wconf 90' lang='lat' dir='ltr'>aliter</span> <span class='ocrx_word' id='word_1_122' title='bbox 1022 3283 1150 3355; x_wconf 90' lang='lat' dir='ltr'>sentire</span> <span class='ocrx_word' id='word_1_123' title='bbox 1167 3256 1264 3356; x_wconf 74' lang='lat' dir='ltr'>vibis</span> 
     </span>
    </p>
   </div>
   <div class='ocr_carea' id='block_1_4' title="bbox 255 3425 1264 3808">
    <p class='ocr_par' dir='ltr' id='par_1_4' title="bbox 255 3425 1264 3808">
     <span class='ocr_line' id='line_1_21' title="bbox 258 3425 1263 3514; baseline 0 -15"><span class='ocrx_word' id='word_1_124' title='bbox 258 3436 323 3514; x_wconf 85' lang='lat' dir='ltr'>est,</span> <span class='ocrx_word' id='word_1_125' title='bbox 348 3426 411 3499; x_wconf 90' lang='lat' dir='ltr'>ubi</span> <span class='ocrx_word' id='word_1_126' title='bbox 437 3428 480 3500; x_wconf 91' lang='lat' dir='ltr'>de</span> <span class='ocrx_word' id='word_1_127' title='bbox 500 3427 630 3499; x_wconf 89' lang='lat' dir='ltr'>caussis</span> <span class='ocrx_word' id='word_1_128' title='bbox 654 3425 923 3499; x_wconf 90' lang='lat' dir='ltr'>Institutionum</span> <span class='ocrx_word' id='word_1_129' title='bbox 948 3425 1156 3498; x_wconf 88' lang='lat' dir='ltr'>Divinarum</span> <span class='ocrx_word' id='word_1_130' title='bbox 1177 3428 1263 3499; x_wconf 90' lang='lat' dir='ltr'>scri·</span> 
     </span>
     <span class='ocr_line' id='line_1_22' title="bbox 255 3567 1264 3641; baseline 0 -1"><span class='ocrx_word' id='word_1_131' title='bbox 255 3568 451 3641; x_wconf 81' lang='lat' dir='ltr'>bandarum</span> <span class='ocrx_word' id='word_1_132' title='bbox 475 3568 614 3641; x_wconf 90' lang='lat' dir='ltr'>locutus</span> <span class='ocrx_word' id='word_1_133' title='bbox 641 3577 702 3640; x_wconf 89' lang='lat' dir='ltr'>est.</span> <span class='ocrx_word' id='word_1_134' title='bbox 754 3567 913 3640; x_wconf 85' lang='lat' dir='ltr'>Fuerunt</span> <span class='ocrx_word' id='word_1_135' title='bbox 930 3591 1011 3641; x_wconf 90' lang='lat' dir='ltr'>sane</span> <span class='ocrx_word' id='word_1_136' title='bbox 1027 3610 1076 3622; x_wconf 89' lang='lat'>·-</span> <span class='ocrx_word' id='word_1_137' title='bbox 1093 3567 1141 3640; x_wconf 87' lang='lat' dir='ltr'>sic</span> <span class='ocrx_word' id='word_1_138' title='bbox 1158 3569 1264 3641; x_wconf 91' lang='lat' dir='ltr'>ratio·</span> 
     </span>
     <span class='ocr_line' id='line_1_23' title="bbox 256 3709 1263 3808; baseline 0.001 -26"><span class='ocrx_word' id='word_1_139' title='bbox 256 3712 391 3783; x_wconf 88' lang='lat' dir='ltr'>cinatus</span> <span class='ocrx_word' id='word_1_140' title='bbox 416 3721 468 3782; x_wconf 88' lang='grc' dir='ltr'>θεῖ</span> <span class='ocrx_word' id='word_1_141' title='bbox 485 3710 725 3783; x_wconf 89' lang='lat' dir='ltr'>-doctrinae</span> <span class='ocrx_word' id='word_1_142' title='bbox 742 3709 945 3782; x_wconf 89' lang='lat' dir='ltr'>christianae</span> <span class='ocrx_word' id='word_1_143' title='bbox 962 3718 1263 3808; x_wconf 86' lang='lat' dir='ltr'>propugnatores,</span> 
     </span>
    </p>
   </div>
   <div class='ocr_carea' id='block_1_5' title="bbox 255 3850 1262 3950">
    <p class='ocr_par' dir='ltr' id='par_1_5' title="bbox 255 3850 1262 3950">
     <span class='ocr_line' id='line_1_24' title="bbox 255 3850 1262 3950; baseline 0.001 -26"><span class='ocrx_word' id='word_1_144' title='bbox 255 3878 375 3924; x_wconf 86' lang='lat' dir='ltr'>verum</span> <span class='ocrx_word' id='word_1_145' title='bbox 401 3877 522 3924; x_wconf 87' lang='lat' dir='ltr'>eorum</span> <span class='ocrx_word' id='word_1_146' title='bbox 547 3851 702 3924; x_wconf 89' lang='lat' dir='ltr'>defensio</span> <span class='ocrx_word' id='word_1_147' title='bbox 727 3861 924 3950; x_wconf 88' lang='lat' dir='ltr'>temporum</span> <span class='ocrx_word' id='word_1_148' title='bbox 949 3850 1075 3923; x_wconf 89' lang='lat' dir='ltr'>rationi</span> <span class='ocrx_word' id='word_1_149' title='bbox 1097 3876 1165 3923; x_wconf 93' lang='lat' dir='ltr'>non</span> <span class='ocrx_word' id='word_1_150' title='bbox 1181 3853 1262 3925; x_wconf 86' lang='lat' dir='ltr'>suf·</span> 
     </span>
    </p>
   </div>
   <div class='ocr_carea' id='block_1_6' title="bbox 253 4066 1258 4232">
    <p class='ocr_par' dir='ltr' id='par_1_6' title="bbox 253 4066 1258 4232">
     <span class='ocr_line' id='line_1_25' title="bbox 292 4066 1258 4138; baseline -0.013 -13"><span class='ocrx_word' id='word_1_151' title='bbox 292 4067 314 4133; x_wconf 86' lang='lat'>¹)</span> <span class='ocrx_word' id='word_1_152' title='bbox 334 4069 404 4129; x_wconf 78' lang='lat' dir='ltr'>Vide</span> <span class='ocrx_word' id='word_1_153' title='bbox 422 4070 486 4126; x_wconf 84' lang='lat' dir='ltr'>lust.</span> <span class='ocrx_word' id='word_1_154' title='bbox 503 4068 548 4123; x_wconf 92' lang='lat' dir='ltr'>lib.</span> <span class='ocrx_word' id='word_1_155' title='bbox 569 4069 604 4122; x_wconf 90' lang='lat' dir='ltr'>V.</span> <span class='ocrx_word' id='word_1_156' title='bbox 623 4085 681 4137; x_wconf 83' lang='lat' dir='ltr'>cap.</span> <span class='ocrx_word' id='word_1_157' title='bbox 701 4068 714 4120; x_wconf 93' lang='lat' dir='ltr'>I</span> <span class='ocrx_word' id='word_1_158' title='bbox 731 4066 793 4121; x_wconf 86' lang='lat' dir='ltr'>inde</span> <span class='ocrx_word' id='word_1_159' title='bbox 811 4083 904 4138; x_wconf 83' lang='lat' dir='ltr'>apag.</span> <span class='ocrx_word' id='word_1_160' title='bbox 925 4067 1085 4131; x_wconf 84' lang='lat'><em>571-575‚</em></span> <span class='ocrx_word' id='word_1_161' title='bbox 1103 4069 1143 4123; x_wconf 85' lang='lat' dir='ltr'>ed.</span> <span class='ocrx_word' id='word_1_162' title='bbox 1164 4072 1258 4125; x_wconf 78' lang='lat' dir='ltr'>niiurc.</span> 
     </span>
     <span class='ocr_line' id='line_1_26' title="bbox 253 4193 364 4232; baseline -0.018 -1"><span class='ocrx_word' id='word_1_163' title='bbox 253 4193 364 4232; x_wconf 73' lang='lat' dir='ltr'>unum.</span> 
     </span>
    </p>
   </div>
   <div class='ocr_carea' id='block_1_7' title="bbox 0 0 1400 5150">
    <p class='ocr_par' dir='ltr' id='par_1_7' title="bbox 0 0 1400 5150">
     <span class='ocr_line' id='line_1_27' title="bbox 0 0 1400 5150; baseline 0 5"><span class='ocrx_word' id='word_1_164' title='bbox 0 0 1400 5150; x_wconf 95' lang='lat' dir='ltr'> </span> 
     </span>
    </p>
   </div>
  </div>
 </body>
</html>
