2792 5150
610 539 657 608 49

112 746 257 820 vindex
288 746 320 819 ei
349 746 455 819 alieni
483 745 589 819 luisse
613 746 787 819 videntur.
839 748 909 832 Ao,
940 748 1036 844 quod
1066 772 1135 819 ma·

113 890 221 963 xime
232 889 325 962 valet
337 889 381 962 ad
394 890 519 961 horum
532 888 704 962 librorum
715 889 947 963 eruditionem
959 891 1136 964 vindican-

114 1031 228 1117 dam,
255 1055 364 1130 paene
388 1031 526 1104 infinita
549 1041 747 1103 exterorum
769 1029 953 1103 hominum
972 1057 1076 1130 opera
1098 1033 1136 1105 in

113 1174 162 1247 iis
176 1175 289 1247 citata
301 1183 393 1246 sunt.
420 1173 500 1246 Non
514 1173 619 1246 modo
631 1172 760 1271 scripta
772 1172 885 1245 multa
893 1174 1135 1247 Rornanorum

114 1326 314 1389 auctorum
331 1315 541 1402 illustrium,
559 1323 632 1387 tam
647 1323 831 1413 poetarum
848 1340 955 1412 quam
972 1315 1137 1406 aliorum,

116 1458 298 1557 sapientia
312 1457 563 1544 eminentium,
580 1481 704 1530 verum
717 1458 822 1533 etiam
835 1457 1049 1532 Graecorum
1060 1467 1139 1558 pob-

115 1609 246 1673 tarum
263 1609 299 1674 et
315 1599 614 1699 philosophorum.
658 1600 749 1672 Nam
768 1600 917 1673 Homeri
935 1610 970 1673 et
989 1601 1138 1675 Hesiodi

116 1742 283 1814 carmina
299 1767 409 1839 aeque
425 1766 465 1815 ac
482 1742 635 1815 Platonis
648 1742 918 1840 Aristotelisque
930 1767 1036 1842 opera
1046 1744 1083 1816 in
1096 1744 1139 1817 iis

117 1885 286 1958 adhibita
298 1894 487 1958 occurrunt
499 1886 532 1975 ¹).
561 1882 671 1958 Haud
684 1910 784 1959 secus
796 1887 938 1960 Latinos
955 1888 1051 1984 quod
1063 1890 1139 1962 atti·

117 2037 186 2101 net
206 2027 408 2125 scriptores,
427 2052 509 2099 cum
527 2026 699 2124 Virgilius
711 2023 752 2116 ⁸),
771 2034 805 2099 et
824 2027 993 2102 Horatius
1004 2030 1047 2122 ⁸),
1061 2039 1139 2103 tum

119 2167 317 2241 Sallustius
342 2178 377 2242 et
401 2168 530 2241 Seneca
550 2167 704 2266 aliique,
722 2193 766 2241 ne
783 2168 899 2242 dicam
916 2171 1139 2260 Ciceronem,

119 2312 230 2409 cujus
246 2335 352 2409 opera
367 2310 494 2384 diurna
512 2318 754 2408 nocturnaque
770 2334 878 2384 manu
890 2324 1023 2386 versata
1039 2313 1140 2387 abeo

119 2452 235 2526 fnisse
252 2452 430 2539 videntur,
456 2451 575 2551 plures
592 2477 701 2550 quam.
717 2477 807 2550 quos
824 2453 925 2526 facile
941 2479 1137 2544 recenseas,

120 2596 193 2669 viri
212 2595 305 2668 docti
323 2607 420 2669 erant
436 2596 617 2669 Lactantio
632 2595 737 2694 plane
753 2595 944 2671 familiares
961 2624 1001 2671 ac
1017 2624 1140 2673 consu·

123 2738 186 2811 eti.
214 2738 376 2829 Quorum
392 2739 537 2836 quidem
553 2749 737 2812 auctorum
753 2738 1017 2815 lucubrationes
1031 2745 1139 2816 etiarn

123 2880 243 2954 multo
255 2879 472 2978 frequentius
483 2906 590 2978 quam
601 2880 814 2954 Graecorum
827 2882 1029 2956 adhibuisse
1046 2885 1140 2958 vide·

125 3029 199 3094 tur.
218 3021 413 3119 En,igitur,
423 3031 475 3095 tot
484 3021 649 3108 subsidia,
662 3046 753 3119 quae
763 3022 858 3095 haud
866 3048 1007 3121 parvam
1018 3023 1142 3098 doctri·

125 3189 195 3237 nae
204 3164 339 3263 copiam
347 3165 453 3262 hujus
466 3164 531 3236 viri
545 3164 681 3263 scriptis
692 3163 921 3251 addiderunt;
935 3165 984 3237 ita
997 3166 1142 3240 utmul-

125 3308 176 3379 tis
200 3306 399 3403 aequalium
421 3305 656 3380 monumentis
682 3305 892 3379 excellerent
915 3317 950 3380 et
963 3307 1141 3381 doctrinae

127 3450 151 3521 J
155 3475 218 3522 esu
228 3448 358 3522 Christi
371 3448 563 3522 defensioni
574 3473 681 3546 quam
688 3449 886 3548 plurimum
894 3450 1099 3549 prodessent
1106 3453 1141 3541 ⁴).

171 3753 194 3818 ¹)
214 3757 349 3810 Praeterea
370 3754 523 3809 Lactantius
547 3754 709 3809 mentionem
737 3755 800 3809 facit
830 3754 989 3827 Sibyllarum
1017 3757 1143 3812 librorum

130 3877 215 3931 aeque
232 3877 263 3914 ac
281 3858 452 3931 l'rismegisti,
472 3867 552 3930 atque
570 3859 642 3914 haud
662 3875 762 3930 pancos
779 3860 851 3914 locos
870 3877 902 3914 ex
923 3860 956 3915 iis
974 3862 1058 3917 affert.

170 3960 195 4029 ²)
214 3965 280 4020 inst.
298 3964 344 4019 lib.
363 3964 400 4019 V.
419 3981 477 4035 cap.
497 3965 528 4029 93
546 3963 593 4019 lib.
613 3963 676 4017 VH.
695 3982 753 4034 oap.
773 3968 810 4020 24
828 3982 860 4020 ac
878 3964 949 4021 alibi.

170 4065 195 4134 3)
214 4069 280 4124 inst.
299 4068 345 4123 lib.
364 4069 401 4124 V.
420 4086 479 4139 cap.
502 4069 537 4122 13
555 4075 582 4126 et
601 4084 660 4138 cap.
682 4068 726 4128 17.

169 4169 196 4237 ⁴)
216 4175 270 4243 „So
288 4181 365 4245 groot
384 4191 437 4227 was
455 4172 507 4245 siju
526 4171 693 4244 gelardheyt
712 4189 745 4245 en
754 4172 949 4244 bedrevenhayt
956 4173 985 4228 in
999 4174 1033 4228 de
1045 4192 1145 4230 creem-

1011 4274 1026 4334 7
