2792 5150
729 440 774 508 12

247 646 503 721 necessitudine
529 646 673 744 junctus
697 646 804 719 fnisse
831 646 987 733 videtur,
1014 645 1153 723 devita
1175 644 1252 719 talis

247 789 406 863 miseriae
444 788 599 865 detinere
641 787 744 885 eique
778 810 981 863 succurrere
1021 788 1192 886 potuisset
1201 789 1251 878 ¹)?

247 931 401 1004 Ubinam
427 940 500 1004 crat
520 930 769 1005 Constantinus
786 930 938 1027 Magnus
958 931 995 1002 in
1015 948 1135 1003 omnes
1150 930 1252 1004 bene·

245 1073 361 1146 ficus?
397 1073 460 1145 nbi
493 1070 685 1170 discipulus
725 1072 879 1170 optimus
911 1072 1059 1168 Deoque
1092 1070 1251 1161 carus⁸)?

246 1215 361 1311 Igitur
393 1214 483 1297 mihi¹
513 1214 654 1288 videtur
684 1214 751 1286 hoc
783 1238 866 1287 sane
897 1223 1051 1312 spectare
1077 1213 1252 1287 advitam

201 1405 207 1413 ·
248 1355 421 1433 humilem
443 1355 708 1452 modestamque
733 1354 929 1427 secundum
954 1354 1140 1452 Euangelii
1161 1379 1253 1452 prae-

245 1509 365 1596 ,cepta3
392 1497 488 1595 quod
513 1505 555 1570 ut
579 1498 726 1596 scriptor
746 1497 892 1594 quidam
908 1497 1001 1570 dicit
1018 1497 1254 1592 „integritatis

250 1647 285 1711 et
327 1639 545 1721 innocentiae
582 1648 831 1735 argumentum
874 1639 960 1715 est.'’
1014 1638 1252 1736 Religionem,

251 1803 358 1876 quam
395 1777 566 1865 defendit,
588 1779 721 1853 sincere
747 1780 834 1877 quin
860 1779 1009 1853 coluerit
1044 1804 1159 1877 neque
1193 1803 1255 1876 ego

251 1922 387 1996 dubito.
438 1922 584 1997 Accedit
623 1922 720 2020 quod
752 1948 889 2022 semper
921 1922 1044 1996 landes
1079 1921 1256 1994 effundere

251 2065 287 2136 in
308 2073 548 2162 paupertatem
572 2064 818 2161 Evangelicam
843 2065 986 2139 solebat.
1021 2064 1137 2156 Quare
1154 2063 1256 2136 disci·

157 2212 159 2216 ’
252 2204 380 2303 pulum
417 2174 582 2281 continue
617 2206 802 2292 monebat,
840 2231 885 2278 ne
910 2204 1163 2283 oblectamenta
1190 2213 1255 2277 ter·

254 2347 376 2419 restria
390 2372 455 2444 pro
471 2348 607 2444 magnis
624 2355 659 2421 et
675 2349 765 2420 veris
781 2348 883 2421 bonis
899 2347 1057 2433 haberet,
1083 2372 1172 2445 quae
1189 2371 1257 2419 non

255 2498 393 2562 tantum
415 2488 551 2565 fallacia
576 2498 691 2574 erant,
719 2513 842 2562 verum
870 2490 974 2561 etiam
998 2488 1187 2576 invidiosa,
1212 2513 1259 2561 se·

256 2632 414 2707 cundum
432 2633 588 2730 magistri
605 2633 730 2706 saltem
747 2633 857 2706 effata.
884 2634 977 2719 Imo,
992 2657 1071 2705 ecce
1087 2653 1258 2717 1111111111,

256 2799 320 2847 cur
357 2774 565 2872 dignitates,
604 2799 667 2847 cur
703 2775 870 2861 honores,
909 2799 972 2846 cnr
1003 2772 1162 2847 mortalia
1195 2771 1261 2845 alia

257 2917 350 2991 bona
374 2917 628 3015 contempserit.

304 3059 385 3150 Quo
406 3060 558 3157 denique
579 3084 670 3132 anno
690 3060 746 3133 vel
772 3060 900 3158 quain
918 3062 1007 3134 urbe
1025 3059 1119 3132 diem
1143 3084 1259 3158 supre-

255 3226 354 3275 mum
391 3201 518 3282 obierit
549 3201 769 3290 Lactantius,
809 3202 986 3276 incertum
1002 3281 1003 3284 ¹
1019 3201 1162 3274 omnino
1200 3210 1259 3274 est.

253 3343 427 3417 Nonnulli
458 3311 603 3417 tradunt
635 3369 718 3417 enm
743 3344 894 3427 Treviris
925 3369 997 3416 non
1024 3344 1129 3416 modo
1154 3349 1287 3416 extre·-

254 3507 349 3559 mam
373 3486 508 3583 degisse
530 3495 764 3574 senectutem,
782 3509 906 3559 verum
924 3488 1030 3559 etiam
1054 3486 1158 3559 morti
1184 3512 1262 3559 suc·

292 3758 313 3832 ¹)
333 3762 446 3816 Videtur
471 3780 565 3832 nempe
592 3761 775 3818 Demetriacus
793 3761 821 3815 in
840 3759 975 3832 republica
992 3760 1095 3815 muneri
1113 3759 1190 3814 alicui
1212 3776 1259 3831 pu·

262 3867 330 3923 blico
350 3865 500 3936 praefuisse.
528 3866 607 3922 0111.
627 3865 699 3937 opis.
720 3866 779 3921 Dei.
799 3883 860 3937 pag.
882 3867 964 3921 1116.
1002 3867 1203 3922 Biinnnnnnr.
1223 3866 1261 3919 ed.

260 3973 333 4027 Lact.
354 3988 462 4041 operum
482 3970 608 4024 omnium.

294 4071 318 4136 ²)
338 4077 462 4130 Testante
483 4074 606 4130 Eusebio.
