2792 5150
469 1233 735 1315 CAPUT
788 1234 820 1315 Ι.

212 1498 404 1548 LAO'I'ANTII
431 1498 623 1548 OPINIONES
648 1498 696 1546 DE
724 1497 922 1546 RELIGIONE
948 1494 1070 1560 EAQUE

421 1661 423 1664 ι
527 1625 759 1674 oneremur.

181 2273 287 2363 Quod
313 2272 350 2344 in
371 2272 544 2344 Laetantii
566 2270 759 2368 theologia,
783 2270 891 2368 idque
908 2279 1050 2368 propter
1068 2269 1144 2366 ejus

126 2415 304 2486 rationem
332 2413 560 2510 singularem,
587 2437 657 2510 qua
678 2413 714 2485 in
738 2438 774 2485 re
798 2412 903 2484 etiam
928 2412 973 2484 ab
1000 2413 1144 2508 Augus-

127 2557 209 2630 tino
221 2557 244 2646 ¹)
275 2555 408 2643 differt,
439 2555 484 2629 ad
512 2581 548 2629 ee
578 2555 683 2628 trahit
710 2556 887 2641 animum,
921 2562 972 2628 est
998 2553 1144 2653 quidem

126 2699 282 2800 auctoris
318 2698 490 2797 imprimis
526 2698 683 2771 definitio
722 2698 820 2770 verbi
850 2700 977 2795 relipiu
1031 2696 1141 2769 Mini-

128 2868 209 2929 me,
231 2851 272 2913 ut
295 2840 436 2927 Cioero,
462 2841 563 2937 eujus
592 2838 829 2936 eloquentiam
862 2863 998 2937 semper
1023 2839 1143 2935 magni

127 2984 232 3069 fecit,
259 2984 419 3081 opinatus
448 2991 517 3068 est,
542 2980 648 3053 hoooe
673 2980 822 3053 verbum
850 2982 1065 3077 arelepeudo
1082 2979 1142 3053 de·

130 3127 288 3202 rivatum
305 3150 378 3199 esse
390 3126 425 3216 ¹).
451 3125 591 3222 Neque,
618 3123 715 3221 quod
732 3123 875 3220 quidem
884 3122 1141 3209 Tertullianum

129 3269 170 3341 id
195 3268 299 3341 unice
325 3267 462 3341 cultum
492 3267 697 3340 exteriorem
722 3264 876 3338 indicare
901 3267 1039 3364 putavit
1051 3302 1059 3352 3
1087 3290 1143 3337 ve-

130 3437 213 3486 rum
238 3412 353 3485 multo
379 3411 489 3507 magis
514 3409 664 3482 hominis
688 3408 971 3505 conjunctionem
994 3416 1029 3480 et
1050 3432 1141 3480 oom-

122 3793 126 3800 ,
170 3716 191 3784 ¹)
211 3720 361 3791 „Augustin
380 3719 497 3774 schliesst
515 3718 568 3772 sich
588 3717 660 3772 mehr
679 3735 714 3771 un
734 3719 779 3773 der
792 3718 1013 3773 tertullianisehen
1031 3720 1141 3791 Sprach-

130 3826 261 3899 gebrauoh
280 3844 327 3888 un3
355 3844 382 3879 er
401 3826 471 3879 stellt
489 3826 531 3879 die
555 3825 645 3895 religio
664 3824 710 3878 der
730 3825 793 3877 tides
814 3826 877 3877 oder
896 3828 979 3894 pietas
999 3835 1141 3896 entgegen‚

132 3934 164 3986 de
183 3949 253 4001 pecc.
275 3949 336 4014 ruer.
356 3939 383 3984 et
401 3948 463 3983 rem.
484 3929 517 3983 ll.
538 3932 568 3992 2,
585 3949 606 3983 s.
636 3930 851 3984 Burrum-curre.
871 3930 911 3992 ΙΙ,
931 3932 957 3984 S.
970 3931 1050 3989 754.''
1069 3931 1140 3985 Vide

131 4052 331 4093 nuourumcu:
348 4033 616 4103 Dogmengeschiehte
631 4051 690 4103 pag.
705 4036 761 4086 254
777 4033 806 4087 in
821 4042 899 4103 nota,
914 4034 955 4087 ed.
977 4035 1141 4111 Lips.1853.
1247 4063 1249 4070 ι

169 4135 192 4209 ²)
212 4140 253 4197 De
273 4139 375 4196 Nature
395 4138 510 4197 Deorum
529 4136 596 4195 libro
615 4138 650 4194 Il.
670 4121 727 4209 cup.
747 4139 793 4200 28„
