2792 5150
757 503 803 573 34

280 716 444 785 Attamen
470 713 517 785 du
542 712 693 804 Fresnoy
716 713 753 786 in
771 711 922 785 editione
943 712 1113 785 Lactantii
1137 737 1282 810 operum

278 855 410 927 incerto
421 854 555 927 auctori
567 853 706 940 tribuit,
721 853 936 950 eandemque
950 853 1152 952 opinionem
1165 854 1280 926 Btine·

279 1021 427 1069 mannus
449 995 612 1093 amplecti
637 994 789 1080 videtur,
808 995 935 1067 additis
953 994 1082 1068 verbis:
1111 996 1282 1081 „Lactan-

279 1139 328 1210 tio
363 1136 549 1235 aliquando
587 1135 811 1233 ascriptum.”
864 1134 1008 1209 Vossius
1044 1146 1163 1210 autem
1201 1162 1281 1211 cum

278 1280 505 1379 praecedente
525 1277 676 1350 carmine
698 1278 762 1349 hoc
787 1302 927 1374 quoque
944 1278 1116 1352 Venentio
1141 1280 1280 1361 tribuit3

277 1425 363 1497 dum
399 1421 562 1522 plurimi,
608 1418 765 1516 quemvis
802 1418 846 1490 de
883 1430 1023 1493 auctore
1060 1421 1280 1506 dubitantes,

276 1564 455 1637 lactando
479 1565 543 1636 hoc
567 1588 707 1637 carmen
732 1587 873 1661 prorsus
898 1562 1083 1659 abnegant.

738 1809 815 1895 Μ·
923 1812 933 1846 ’

519 2034 655 2126 Scrinia
681 2056 770 2128 quoe
795 2057 858 2102 non
884 2037 1033 2102 certant.

322 2257 448 2330 Adhuc
470 2257 570 2330 nobis
597 2266 723 2343 restat,
750 2256 932 2355 operibus,
959 2280 1047 2352 quae
1071 2255 1280 2352 plerumque
1383 2252 1384 2293 i

274 2401 391 2498 spuria
407 2399 598 2484 habentur,
618 2399 691 2495 jam
716 2397 883 2484 tractatis,
909 2397 1029 2495 paucis
1046 2399 1161 2473 verbis
1177 2401 1280 2473 attin·

272 2564 353 2640 gere
378 2566 418 2615 ea
443 2542 583 2642 scripta,
609 2566 699 2639 quae
724 2564 793 2613 non
818 2547 963 2613 exstant.

324 2685 414 2757 Sunt
438 2685 545 2757 haec:

422 2830 462 2901 1⁰.
504 2825 738 2923 odorropmor.

421 2975 467 3044 2⁰.
506 2970 771 3044 Grammaticus.

421 3114 464 3186 3⁰.
503 3112 561 3186 Ad
586 3111 829 3210 Asclepiadem
855 3110 915 3183 lib.
942 3110 992 3183 ΙΙ.

422 3255 465 3327 4⁰.
505 3255 562 3326 Ad
587 3254 742 3327 Probum
768 3253 829 3326 lib.
857 3252 919 3325 IV.

422 3396 463 3467 5⁰.
503 3394 560 3467 Ad
585 3393 751 3467 Severum
776 3394 837 3467 lib.
864 3395 911 3468 ΙΙ.

422 3537 464 3610 6⁰.
504 3536 561 3609 Ad
582 3535 858 3609 Demetrianum.

325 3679 458 3751 Eorum
478 3679 637 3751 omnium
652 3679 808 3777 primum
824 3678 1024 3753 Lactantius
1039 3680 1076 3753 in
1094 3683 1279 3780 publicum

275 3822 408 3895 misisse
434 3821 570 3895 videtur
594 3830 769 3918 tempore,
803 3847 893 3918 quo,
925 3822 1119 3921 imperante
1143 3826 1279 3899 Diocle

275 3962 389 4049 tiano,
424 3988 466 4035 ex
490 3963 606 4036 Africa
629 3961 870 4036 Nicomediam
896 3964 1069 4060 profectus
1095 3975 1164 4053 est,
1188 3992 1279 4039 anno

276 4105 411 4179 circiter
440 4109 521 4180 290.
573 4105 756 4178 Continuit
782 4106 1008 4203 probabiliter
1040 4108 1132 4204 ejus,
1166 4110 1279 4208 patria
