2792 5150
742 530 788 599 46

261 737 315 810 bis
342 737 464 811 dedit?
501 739 556 811 An
574 744 706 810 taceauu
723 735 767 808 de
784 761 844 823 eo,
862 737 958 834 quod
976 737 1050 833 ejus
1067 736 1194 834 scripta
1209 735 1268 808 ah

261 880 357 953 unde
384 881 510 953 docent
541 880 674 953 ratione
709 878 827 951 habita
860 904 981 952 earum
1012 903 1149 964 rernm,
1177 902 1269 976 quae

261 1022 305 1095 ad
339 1032 452 1096 mores
483 1021 683 1121 pertinent?
734 1021 915 1094 Praeterea
952 1021 1186 1119 physiologiae
1216 1019 1267 1093 di·

261 1163 426 1263 sciplinae
462 1164 535 1237 viro
560 1162 621 1236 tali
647 1163 720 1260 jam
751 1163 946 1236 eruditione
977 1162 1160 1249 eminenti,
1195 1187 1266 1235 non

259 1305 363 1404 plane
387 1305 527 1404 ignotae
551 1305 715 1380 videntur
739 1305 864 1393 luisse;
891 1306 1020 1405 quippe
1045 1306 1107 1402 qui
1132 1306 1169 1378 in
1187 1305 1264 1378 loco

260 1446 304 1520 de
329 1448 550 1521 Providentia
574 1449 641 1523 Dei
667 1475 709 1521 ex
736 1448 892 1522 miranda
915 1448 1067 1521 hominis
1090 1455 1265 1521 structura

260 1615 336 1663 eam
378 1590 601 1687 comprobare
646 1599 791 1664 conatus
824 1592 879 1664 sit.
923 1589 999 1664 Viri
1033 1590 1265 1664 eruditionem

260 1732 373 1830 magis
410 1733 516 1807 etiam
554 1732 590 1804 in
624 1731 741 1805 lucem
771 1732 902 1831 profert
933 1734 1073 1820 modus,
1108 1757 1180 1830 quo
1211 1758 1265 1806 res

258 1874 294 1948 in
334 1874 376 1947 iis
413 1882 577 1947 tractatae
614 1883 705 1946 sunt.
765 1874 861 1946 Dum
892 1872 1040 1946 aliorum
1071 1873 1264 1972 Religionis

150 2014 155 2021 ’
260 2015 474 2090 Christianae
504 2016 725 2090 defensorum
753 2041 898 2116 opernm
932 2016 1108 2090 character
1132 2026 1264 2090 consta·

259 2157 319 2231 bat
352 2159 537 2231 maximam
576 2167 710 2257 partem
748 2158 936 2256 arguendis
970 2158 1172 2232 adversariis
1209 2158 1265 2232 Sa·

260 2324 337 2373 crae
361 2298 558 2399 Scripturae
575 2301 799 2388 testimoniis;
820 2300 991 2375 Lactamii
1008 2302 1134 2401 scripta
1151 2302 1264 2375 multo

260 2442 371 2540 magis
395 2452 556 2541 pugnant
580 2442 796 2541 argumentis
821 2452 857 2516 et
885 2442 1018 2516 ratione
1047 2442 1263 2517 adhibendis.

260 2584 381 2682 quue
408 2584 511 2658 modo
541 2585 818 2659 adversariorum
843 2585 1098 2659 imbecillitates
1122 2586 1160 2658 in
1190 2587 1266 2683 ejus

259 2697 359 2801 libris
391 2728 581 2827 prudenter
612 2728 867 2827 impugnantur
899 2739 934 2802 et
968 2727 1133 2801 falsitates
1166 2728 1264 2803 inda·

259 3011 401 3085 stitutus
432 3023 482 3086 est
519 3037 637 3086 rerum
675 3012 872 3110 cognitione
911 3013 1037 3086 modus
1076 3038 1264 3111 argumen-

259 3154 372 3241 tandi,
395 3155 595 3253 apologetae
617 3180 657 3230 eo
682 3164 838 3254 tempore
855 3155 1054 3229 necessaria.
1097 3154 1263 3247 Quodne

257 3295 332 3396 ipse
352 3297 494 3394 quidem
515 3309 635 3373 auctor
660 3300 803 3386 celavit,
824 3299 981 3397 quando,
1000 3299 1133 3371 ratione
1145 3297 1263 3371 habita

1383 2464 1385 2556 ψ

259 2879 361 2967 gatae
386 2870 563 2968 ingeniose
584 2878 620 2943 et
639 2871 751 2968 logice
771 2870 980 2944 refelluntur
996 2872 1030 2961 ¹).
1066 2871 1118 2944 Ac
1139 2870 1189 2944 sic
1214 2871 1265 2955 in·
1381 2887 1382 2892 ’

259 3440 444 3538 temporis,
477 3466 547 3538 quo
580 3441 772 3529 scribebat,
805 3441 879 3541 ipse
906 3442 1043 3515 statuit:
1072 3440 1146 3527 „ob
1175 3466 1264 3515 eam·

260 3604 329 3676 que
352 3605 511 3655 caussam
535 3582 631 3655 volui
657 3583 860 3682 sapientiam
887 3607 969 3655 cum
993 3580 1160 3679 religione
1186 3606 1263 3655 con·

256 3720 422 3819 jungere,
460 3747 503 3795 ne
540 3724 626 3821 quid
663 3724 827 3797 studiosis
859 3723 971 3795 inanis
1008 3721 1071 3795 illa
1107 3722 1263 3795 doctrina
1378 3711 1380 3768 ,¹

296 3950 319 4019 ¹)
339 3954 443 4024 „Etiam
469 3954 616 4010 (inseruerit
628 3953 747 4027 gravius,
768 3955 869 4010 mutius
886 3956 1077 4028 sapientium,
1097 3975 1178 4029 quarn
1196 3956 1262 4013 ratio

255 4060 312 4115 aevi
330 4060 385 4126 sui,
404 4060 552 4131 ejusdemne
569 4061 730 4116 litteraturae
748 4060 836 4116 tulit.”
874 4079 896 4118 J.
907 4080 935 4118 a.
946 4079 1123 4121 wancarae:
1145 4063 1262 4120 Diatribe

254 4166 288 4223 de
307 4166 380 4223 Lact.
399 4175 448 4220 etc.
468 4184 527 4241 pag.
550 4169 588 4243 53.
603 4182 690 4240 supra.
