2792 5150
733 503 780 573 84

306 712 413 786 Porro
436 710 545 784 altera
568 711 726 808 quaestio
747 709 875 784 oritur:
893 736 981 793 num
998 710 1197 784 Lactantim
1215 712 1270 784 iis

257 853 478 928 annumerari
507 853 634 951 possit,
668 853 733 950 qui
759 877 841 926 oum
866 853 1006 925 Arianis
1032 855 1269 926 erraverunt?

306 996 444 1069 Haecoe
469 996 587 1093 opinio
609 996 768 1093 suspicax
792 994 864 1068 fere
889 994 1012 1067 eodem
1038 993 1161 1081 modo,
1187 1019 1269 1092 quo

258 1162 298 1211 ea
322 1139 366 1211 de
392 1138 666 1211 Manichaeismo
688 1163 731 1211 ex
748 1162 788 1212 eo
806 1162 983 1210 emanasse
996 1136 1145 1223 videtur,
1163 1137 1270 1234 quod

256 1282 294 1354 in
335 1280 505 1354 Lactantii
545 1281 680 1378 scriptis
722 1280 851 1378 passim
887 1279 957 1352 loci
995 1280 1130 1352 inventi
1170 1280 1268 1367 sint,

257 1425 320 1522 qui
360 1424 471 1521 magis
509 1424 668 1496 minusve
708 1423 946 1496 Arianismum
978 1422 1147 1496 redolent.
1187 1423 1270 1496 Ne-

258 1592 328 1665 que
364 1566 428 1639 hoo
466 1565 666 1639 mirandum
694 1575 756 1639 est.
807 1566 898 1639 Nam
929 1575 970 1639 ut
998 1566 1142 1664 plurimi
1174 1565 1270 1638 sori-

257 1720 394 1811 ptores,
423 1711 486 1809 qui
505 1719 585 1784 ante
604 1711 802 1784 Concilium
819 1712 1031 1811 scripserunt
1049 1712 1268 1798 Nicaeam,

258 1856 295 1927 in
328 1878 399 1951 quo
423 1854 579 1953 primum
609 1854 772 1928 ecclesiae
805 1856 962 1928 doctrina
987 1853 1177 1927 dilucidius
1202 1878 1271 1925 ex-

258 2021 376 2096 pressa
408 2003 460 2069 est
485 2021 525 2069 ac
559 2021 659 2069 voces
695 1996 728 2069 ei
762 1997 911 2070 maxime
944 2021 1115 2070 consonae
1139 1996 1271 2070 forma·

259 2148 314 2213 tae
362 2147 462 2225 sunt,
501 2181 551 2192 -
584 2139 633 2211 sio
673 2139 778 2212 etiam
818 2140 936 2214 minus
976 2138 1170 2236 theologice
1206 2139 1270 2212 vel

259 2289 418 2354 accurate
443 2280 643 2354 lactantms
668 2254 807 2354 locutus
836 2282 948 2354 estin
978 2280 1123 2380 scriptis.
1174 2280 1270 2355 Inde

258 2423 327 2496 loci
367 2422 422 2496 vel
464 2422 622 2522 exempla
663 2448 718 2495 res
750 2423 960 2497 illustrantia
991 2432 1127 2523 praesto
1160 2430 1267 2510 sunt,

259 2565 341 2663 qui,
380 2566 416 2639 in
454 2592 490 2640 se
523 2565 745 2654 considerati,
781 2566 891 2641 videri
927 2567 1061 2667 possint
1097 2566 1176 2641 talis
1213 2593 1268 2641 re·

259 2708 497 2807 prehensionis
525 2708 680 2783 veritatis
705 2708 855 2807 speciem
880 2710 1066 2783 continere.
1109 2709 1265 2797 Varum,

259 2876 297 2925 re
326 2851 416 2925 bene
444 2851 654 2950 ponderata,
684 2850 893 2925 sufficienter
917 2860 1058 2951 apparet
1085 2860 1265 2926 auctorem

259 3017 280 3066 a
315 2993 494 3067 sententiis
533 2992 745 3067 Asianorum
786 2992 943 3067 alienum
981 2994 1107 3082 fuisse,
1150 2994 1266 3092 iisque

259 3137 372 3211 multo
398 3137 507 3233 magis
531 3137 753 3210 contrarium.
797 3137 928 3210 Partim
949 3138 1043 3211 enim
1060 3137 1129 3211 loci
1144 3139 1264 3237 hujus·

259 3279 356 3354 modi
379 3280 416 3353 in
443 3279 704 3379 exemplaribus
727 3280 875 3354 vetustis
899 3289 1004 3378 atque
1030 3281 1172 3379 optimis
1192 3306 1264 3356 non

259 3424 507 3510 inveniuntur,
554 3423 679 3521 partim
717 3448 759 3496 ex
799 3423 874 3521 ipsa
910 3424 985 3521 ejus
1025 3423 1183 3497 doctrina
1218 3424 1264 3497 de

261 3566 397 3640 Christo
430 3566 549 3639 omnia
582 3566 690 3639 dubia
722 3567 786 3638 hac
816 3565 860 3639 de
884 3591 922 3638 re
948 3565 1057 3663 magis
1083 3565 1264 3663 magisque

258 3708 335 3783 tolli
372 3717 527 3806 possunt.
568 3673 669 3781 'Nam
706 3716 842 3807 praeter
880 3708 1091 3805 scripturam
1123 3706 1180 3780 hic
1212 3706 1264 3779 nil

259 3850 344 3924 dicit
372 3850 583 3924 Lactantius.
623 3849 693 3936 Sic,
723 3847 873 3948 exempli
901 3872 1039 3934 caussa,
1061 3849 1264 3946 pronuntiat

259 3995 328 4067 Dei
366 3993 497 4067 Filium
534 4002 614 4067 ante
651 3992 789 4066 saecula
817 3992 923 4066 fuisse
948 3991 1117 4089 genitum.
1164 3992 1263 4064 Deus

261 4161 386 4240 nempe
410 4147 596 4240 antequam
621 4136 838 4241 praeclarum
863 4135 928 4210 hoc
954 4159 1040 4237 opus
1061 4134 1187 4210 mundi
1205 4135 1262 4209 ad·
