2792 5150
593 535 639 607 73

106 743 378 818 immortalitatis
396 745 596 818 admitteret
609 745 643 835 ¹).
682 743 886 817 Secundum
903 745 1054 817 auctoris
1071 769 1121 817 ar·

109 887 414 983 gumentationem
448 911 545 984 ergo,
580 906 693 983 quum
728 886 826 957 Deus
858 884 1035 958 statuisset
1064 884 1133 958 ho·

111 1018 244 1104 minem
270 1054 421 1117 servare,
448 1028 579 1103 Filium
604 1028 699 1101 misit
715 1027 752 1100 in
770 1036 898 1100 terram
915 1014 1123 1125 magistrum

110 1170 263 1245 virtutis.
310 1171 396 1271 Ejus
418 1195 549 1244 munus
572 1181 646 1244 erat
671 1169 867 1244 doctrinam
885 1169 1122 1266 justitiae-do-

109 1338 189 1386 oere
215 1314 361 1412 ejusque
386 1312 545 1412 exempla
567 1312 750 1411 praebere,
771 1312 822 1385 ita
844 1320 886 1384 ut
903 1310 1062 1385 homines
1078 1312 1124 1384 ad

109 1453 221 1526 vitam
244 1462 421 1526 aeternam
441 1453 661 1553 pervenirent
675 1453 711 1542 ¹).
751 1452 803 1524 Eo
821 1444 963 1550 quoque
979 1451 1124 1525 oonsilio

110 1596 240 1669 missus
261 1603 327 1682 eat,
347 1604 389 1668 ut
405 1595 606 1668 bominibus
618 1594 711 1667 viam
727 1594 898 1693 panderet
914 1594 960 1667 ad
976 1593 1126 1668 salutem

110 1762 245 1836 eosque
275 1737 440 1812 liberaret
453 1741 490 1830 ⁸).
542 1736 598 1812 Sic
632 1738 738 1811 etiam
772 1762 855 1812 eum
883 1738 1040 1836 oportuit
1063 1738 1125 1810 ho·

157 2058 933 2154 ummmmwmmmmm

152 2181 178 2245 'l
199 2187 328 2241 Videatur
346 2187 407 2242 Dis.
427 2187 495 2241 lnat.
515 2185 560 2242 lib.
573 2186 623 2240 IV.
644 2200 702 2257 esp.
716 2189 769 2241 26:
791 2187 1025 2258 „Denarumque
1047 2186 1126 2251 (sicnt

112 2290 235 2363 superius
263 2291 385 2363 exposui)
415 2308 498 2362 quum
527 2290 661 2347 statuisset
679 2291 812 2346 hominem
831 2291 950 2355 liberare,
973 2293 1126 2364 magistrum

113 2394 222 2452 virtutis
248 2395 345 2467 legavit
371 2396 399 2450 iu
417 2408 528 2462 aenam,
554 2395 601 2467 qui
619 2404 647 2449 et
664 2395 809 2467 praeceptis
827 2395 984 2451 salutaribus
1003 2397 1127 2451 formaret

112 2500 236 2554 homines
261 2500 294 2554 ad
315 2499 507 2563 innocentiam,
534 2508 560 2555 et
585 2500 709 2571 operibus
727 2501 855 2570 factisque
874 2501 1067 2572 praesentibus,
1083 2500 1126 2570 ju·

112 2605 204 2660 atitiae
224 2606 292 2659 viam
314 2606 453 2676 panderet,
473 2622 526 2677 qua
545 2605 666 2675 gradiens
685 2606 776 2669 homo,
791 2615 818 2660 et
838 2605 971 2660 doctorem
990 2623 1067 2660 sunm
1088 2625 1127 2661 ss·

112 2728 214 2783 quens,
243 2710 277 2763 ad
306 2710 388 2763 vitam
407 2719 540 2764 aeternam
565 2710 722 2780 perveniret.
761 2710 787 2765 ls
805 2710 884 2782 igitur
902 2721 1056 2781 corporatus
1074 2722 1126 2775 est,

112 2824 143 2870 et
163 2825 234 2869 veste
252 2813 337 2869 earnis
356 2814 479 2878 indutus,
499 2825 529 2868 ut
548 2814 660 2877 homini,
687 2815 722 2868 ad
743 2832 822 2886 quem
840 2816 989 2869 docendum
1007 2824 1128 2879 venerat,

115 2918 223 2973 virtutis
242 2928 270 2971 et
287 2917 407 2988 exempla
426 2926 453 2971 et
472 2918 642 2972 incitamenta
657 2919 801 2988 praeberet.
830 2920 882 2972 Sed
902 2938 985 2989 quum
1000 2920 1028 2973 in
1045 2919 1129 2974 omni-

113 3025 169 3079 bus
196 3023 266 3077 sitae
297 3021 394 3077 officiis·
414 3022 532 3091 justitias
550 3024 681 3093 specimen
702 3022 876 3093 praebuisset;
895 3033 927 3077 ut
946 3023 1046 3077 doloris
1064 3042 1130 3094 quo·

113 3144 171 3199 que
203 3127 372 3197 patientiam,
391 3127 536 3197 mortisque
555 3135 750 3197 contemptum,
769 3127 866 3197 quibus
885 3127 1000 3196 perfecta
1021 3136 1049 3182 et
1066 3145 1130 3181 con·

115 3240 249 3285 summata
267 3231 301 3286 sit
320 3232 420 3291 virtus.
449 3232 563 3286 traderet
581 3231 697 3296 bomini;
718 3233 790 3286 venit
809 3233 837 3285 in
856 3250 950 3286 manus
968 3233 1063 3303 impiae
1082 3251 1128 3286 na·

115 3335 212 3399 tionis,
241 3353 324 3406 quum
351 3343 378 3390 et
396 3335 478 3389 vitare
497 3336 638 3406 potuisset,
658 3336 767 3390 scientia
786 3336 883 3397 sutum,
909 3353 989 3407 qnam
1009 3337 1128 3407 gerebat,

115 3450 147 3495 et
165 3439 288 3510 repellere
305 3441 397 3495 eadem
416 3441 527 3504 virtuts,
547 3458 601 3512 qua
619 3441 748 3495 mirabilia
765 3441 885 3496 tutabat.
924 3442 1056 3496 Sustinuit
1068 3459 1131 3514 ergo

116 3546 263 3607 cruciatus,
292 3555 319 3600 et
348 3546 453 3600 verbera
482 3555 509 3599 st
532 3545 629 3616 spinas.
668 3547 805 3602 Postremo
824 3546 903 3600 etiam
922 3558 1033 3601 mortem
1052 3546 1131 3601 susci·

118 3668 182 3722 pere
211 3668 266 3704 non
292 3650 434 3714 recusavit;
465 3660 495 3704 ut
522 3650 602 3704 bomo
621 3650 666 3704 illo
685 3651 753 3705 duce
771 3651 919 3715 subactam,
938 3660 965 3706 et
983 3661 1130 3705 catenatam

118 3764 232 3809 mortem
251 3772 310 3808 cnm
330 3753 384 3808 auia
402 3753 545 3808 terroribus
562 3753 766 3825 triumpharet‚’'
784 3763 834 3809 etc.

160 3854 185 3921 ⁸)
206 3858 278 3928 Epis.
298 3877 355 3930 cap.
377 3860 429 3913 51:
461 3860 549 3928 „Nam
569 3877 651 3930 quum
679 3859 712 3912 ad
743 3859 796 3913 hoc
814 3863 908 3914 missus
927 3869 1006 3919 esset.
1035 3870 1065 3913 ut
1083 3860 1132 3914 bu·

122 3962 236 4017 millenis
265 3963 413 4034 quibusque
440 3963 507 4017 siam
538 3964 666 4034 panderet
684 3965 718 4017 ad
738 3964 860 4027 salutem,
887 3981 915 4017 se
934 3965 990 4035 ipse
1008 3963 1133 4019 humilem

121 4069 193 4132 fecit,
226 4078 257 4121 ut
285 4085 330 4122 eoa
357 4067 488 4122 liberaret.
527 4068 649 4138 Suscepit
677 4085 740 4139 ergo
768 4069 794 4121 id
822 4086 906 4139 genus
931 4070 1035 4131 mortis,
1061 4070 1132 4139 quod

121 4172 189 4227 solet
207 4170 350 4226 humilibus
368 4171 491 4243 irrogari,
511 4180 543 4225 ut
562 4170 685 4225 omnibus
705 4171 815 4226 facultas
835 4173 942 4226 daretm
959 4172 1106 4228 imitandi?

978 4273 1014 4330 10
