2792 5150
611 521 656 591 25

126 725 212 822 qnia
248 752 363 825 neque
395 738 632 826 cognoverunt
665 731 782 803 Deum
819 729 903 803 boni
939 742 1134 818 auctorem,
1241 768 1243 773 v

126 893 242 966 neque
265 869 481 943 Daemonem
501 869 584 943 mali
600 870 853 944 fabricatorem.
889 872 961 944 Lex
978 873 1044 946 Dei
1064 874 1136 946 sola

127 1009 230 1082 nobis
267 1035 344 1083 eam
382 1012 602 1097 monstravit,
641 1013 823 1086 continens
861 1013 933 1086 duo
966 1015 1138 1112 principia

127 1152 312 1248 primaria,
356 1179 481 1252 nempe
518 1155 730 1254 principium
767 1156 924 1254 pietatis,
962 1181 1052 1253 qnae
1097 1183 1138 1230 eo

128 1294 260 1379 tendit,
284 1303 325 1366 ut
341 1293 459 1367 Deum
474 1319 696 1383 veneremur;
723 1306 758 1370 et
782 1297 995 1395 principium
1019 1297 1139 1371 huma·

128 1435 266 1522 nitatis,
301 1461 390 1532 quae
414 1437 524 1509 virtus
558 1462 620 1510 nos
654 1462 736 1510 cum
769 1438 912 1511 homine
938 1440 1139 1536 conjungit.

128 1589 164 1649 et
182 1577 284 1650 docet
300 1587 377 1650 tum
393 1579 665 1652 misericordiam
682 1589 760 1653 tum
783 1580 933 1653 alterum
946 1579 1046 1653 alteri
1062 1606 1138 1654 suo·

129 1743 281 1793 ourrere.
316 1720 452 1793 Deinde
477 1724 519 1794 ds
527 1725 752 1817 passionibus
777 1731 918 1809 uastat,
940 1722 1141 1796 disserendo

129 1870 252 1932 eontra
273 1861 495 1959 philosophos
520 1863 796 1936 misericordiam
821 1889 889 1936 non
908 1889 981 1937 esse
998 1866 1140 1959 vitium,

131 2001 193 2073 sed
216 2001 400 2090 virtutem;
427 2013 562 2076 metum
587 2014 623 2077 et
643 2005 869 2103 cupiditatem
886 2006 1031 2079 virtutes
1048 2032 1140 2095 esse,

131 2144 161 2215 si
187 2144 232 2216 ad
258 2144 422 2219 coelestia
447 2145 652 2219 referantur.
705 2147 894 2244 Postquam
923 2149 1027 2221 etiam
1051 2149 1142 2221 viam

129 2286 287 2381 justitiae
313 2296 575 2373 monstraverat,
603 2298 723 2360 auctor
743 2289 879 2375 statuit,
898 2289 1088 2362 sacrificare
1104 2315 1141 2362 se

133 2427 210 2499 Deo
244 2429 270 2500 si
299 2430 378 2526 quis
403 2429 569 2515 voluerit,
609 2455 691 2502 eum
725 2439 883 2529 oportere
916 2432 991 2503 Deo
1021 2432 1143 2505 offerre

134 2569 372 2667 integritatem
397 2572 504 2645 animi
528 2584 563 2645 et
588 2572 739 2645 nominis
767 2572 875 2646 divini
900 2572 1050 2646 laudem.

185 2712 291 2785 Liber
310 2713 400 2798 VII,
426 2718 467 2786 de
492 2716 527 2785 V
523 2718 575 2787 ito
594 2717 705 2786 beuta.
739 2713 968 2786 Etbnioomm
992 2714 1077 2786 falsa
1093 2740 1143 2787 re·

136 2853 285 2950 ligione,
328 2856 403 2952 ipso
443 2856 589 2941 fatente,
630 2856 779 2928 refutata
816 2866 849 2928 et
883 2856 1027 2953 probata
1060 2856 1143 2927 veri-

137 3005 225 3082 tate,
252 2996 453 3068 Lactantius
478 2996 645 3068 eximium
670 3022 775 3068 sunm
800 3022 888 3095 opns
905 2996 1144 3068 dissertatione

138 3138 182 3210 de
207 3139 277 3210 vita
304 3138 403 3211 beata
427 3139 615 3211 concludit.
649 3138 762 3236 quue
782 3139 881 3224 fauit,
898 3139 1071 3236 primum,
1090 3139 1146 3210 in-

138 3278 299 3375 dagando
323 3280 519 3377 praemium
544 3279 771 3352 beatitudinis
793 3288 998 3377 perpetuae,
1029 3279 1147 3351 confu-

138 3421 219 3492 tatis
246 3420 400 3494 Platonis
426 3432 462 3495 et
483 3422 680 3495 Aristotelis
706 3422 930 3520 opinionibus
954 3422 1000 3494 de
1022 3420 1146 3493 mundi

139 3564 351 3636 aeternitate.
405 3565 543 3637 Deinde
568 3565 612 3637 de
639 3564 901 3637 immortalitate
926 3564 1063 3636 animae
1081 3563 1146 3635 dis-

140 3707 222 3778 serit
239 3715 344 3803 atque
361 3707 523 3805 explieat,
551 3717 724 3804 quatenus
745 3706 945 3780 bominibus
965 3705 1148 3778 beatitudo

140 3848 329 3921 tribuenda
359 3848 420 3933 sit,
447 3849 635 3921 oonst'tuto
660 3859 835 3947 tempore,
862 3848 1003 3946 quando
1030 3847 1150 3920 locum

141 3991 302 4062 habitura
339 3990 392 4062 sit.
444 3991 524 4082 Quo
561 3992 668 4076 facto,
709 3991 753 4064 de
786 3992 854 4063 fine
887 3990 1011 4062 mundi
1045 3990 1150 4062 rerba

139 4124 240 4221 facit,
278 4159 318 4205 ao
355 4135 569 4207 demonstrat
600 4160 689 4232 qnae
718 4136 819 4230 signa
844 4142 921 4207 tum
946 4134 1149 4218 remotiora,

1015 4266 1033 4317 4
