2792 5150
593 488 638 556 39

98 723 179 772 cere
198 698 396 772 studebant
415 698 564 772 strenuis
582 694 858 780 defensionibus,
876 692 1003 765 litteris
1019 716 1119 765 man-

99 840 206 914 datis,
246 839 353 913 Unde
373 841 409 912 in
426 839 610 939 publicum
627 837 833 936 prodierunt
853 839 984 929 arrepta
1005 836 1120 929 apolo-

91 987 215 1078 petica
243 982 503 1081 primaevorum
520 980 814 1064 Christianorum,
836 1002 988 1075 quorum
1004 991 1120 1048 aucto

98 1149 155 1196 res
182 1125 398 1220 Apolopetae
425 1119 770 1218 cognominabantur.
821 1118 952 1190 Eorum
991 1142 1120 1189 munus

98 1265 287 1365 imprimis
312 1273 385 1337 erat
409 1264 559 1337 refutare
576 1261 811 1335 accusationes
827 1258 1120 1345 adversariorum,

99 1407 137 1478 in
182 1407 323 1505 quibus
367 1404 564 1502 rejiciendis
608 1403 713 1477 simul
755 1401 1005 1501 expositionem
1040 1399 1123 1473 fidei

100 1548 290 1646 hujusque
326 1547 496 1647 principia
531 1546 743 1645 praebebant
775 1545 820 1619 sd
855 1545 1034 1616 veritatem
1064 1544 1121 1616 de·

100 1691 383 1764 monstrandam.
399 1691 432 1780 ¹).
458 1689 575 1780 Quem
590 1689 736 1786 quidem
749 1689 983 1762 characterem
997 1688 1124 1787 scripta

102 1832 288 1906 Lactantii
312 1832 413 1906 nobis
441 1831 619 1905 tractanda
646 1831 808 1904 distincte
833 1831 1121 1928 praeseferunt.

154 1974 253 2049 Sunt
288 1975 430 2047 omnino
462 1974 612 2047 auctoris
641 1974 750 2046 nostri
788 1973 914 2072 scripta
951 1974 1124 2071 imprimis

105 2116 376 2214 maximamque
400 2124 534 2213 partem
563 2115 705 2188 rationis
730 2114 982 2212 apologeticae,
1015 2114 1124 2212 idque

106 2282 172 2354 pro
190 2269 396 2356 temporum
413 2258 614 2331 necessitate
626 2259 661 2347 ¹).
697 2258 778 2348 Quo
803 2258 913 2355 magis
940 2257 1033 2330 enim
1050 2267 1082 2331 st
1111 2303 1122 2313 -

106 2398 212 2473 dium
252 2399 449 2472 litterarum
486 2410 521 2471 et
558 2399 776 2497 philosophia
811 2400 943 2473 Graeca
975 2402 1011 2473 in
1038 2401 1123 2473 orbe

149 2673 174 2743 ¹)
194 2680 252 2747 „So
271 2677 361 2730 wurde
379 2677 449 2730 deun
469 2676 515 2729 das
525 2675 724 2730 Christcnthum
737 2694 788 2730 von
805 2677 873 2731 allen
889 2678 976 2732 Seiten
993 2678 1127 2750 ongefein·

109 2781 166 2846 det,
186 2781 332 2853 behiimpft
348 2781 403 2835 und
417 2780 565 2845 bestritten‚
578 2781 632 2835 und
648 2790 758 2847 musste,
777 2800 853 2836 wenn
869 2801 896 2837 es
913 2783 986 2837 nicht
1004 2784 1127 2838 unterlie·

109 2902 162 2956 gen
181 2887 284 2951 voute,
305 2886 348 2941 die
368 2885 683 2957 Vertheidigungewaffen
701 2886 847 2957 angreiiem
861 2887 924 2956 jene
944 2889 1060 2959 Angriffe
1081 2906 1125 2942 au·

110 2991 287 3063 riickalageu,
305 2992 376 3055 und,
395 3008 472 3045 weun
491 2990 546 3044 dies
564 2990 708 3061 gesrhehen
726 3008 792 3052 war,
810 2991 891 3045 durch
908 2993 1122 3047 Demonstration

113 3094 159 3148 der
185 3096 327 3150 Wahrheit
351 3096 406 3149 und
431 3094 604 3151 Ghttlichkeit
630 3095 713 3150 seines
737 3096 837 3150 Inholts
857 3096 906 3150 alle
924 3096 1048 3168 kiinftige
1071 3101 1126 3151 An·

113 3199 189 3268 griffa
206 3201 236 3255 in
243 3200 349 3255 Voraus
362 3199 490 3254 abueisen
500 3200 563 3254 oder
573 3200 640 3254 doch
654 3199 826 3254 unach‘adlioh
836 3200 971 3254 mochen.'’
991 3201 1125 3256 Fniiccn:

113 3301 274 3360 Gesehirhte
294 3305 340 3359 der
357 3303 449 3359 Theol.
469 3303 641 3369 Wirscnsch„
661 3304 714 3359 vol.
734 3305 754 3359 I.
774 3322 834 3376 pag.
855 3306 917 3359 102.

153 3409 216 3477 „De
236 3408 443 3464 werkzaomheid
463 3426 514 3463 van
535 3409 567 3463 de
588 3408 752 3482 Apologeten
771 3409 897 3465 bestond:

156 3510 195 3568 1⁰.
222 3514 251 3568 in
274 3515 306 3568 de
328 3512 516 3584 wederlegging
534 3531 586 3567 van
605 3514 638 3567 de
656 3522 734 3584 teger
752 3514 785 3568 de
803 3514 958 3568 Christenen
977 3513 1129 3585 iugebmgte

226 3617 472 3689 beschuldigingem
493 3635 526 3671 eu
544 3659 550 3671 .
563 3659 569 3672 .
582 3658 588 3671 .
601 3659 607 3671 .

155 3718 196 3778 3⁰.
223 3724 270 3778 hrt
287 3723 415 3795 bewijzen
434 3739 486 3776 ven
505 3722 538 3776 de
557 3722 686 3777 waarheid
706 3742 740 3778 en
758 3724 791 3779 de
806 3723 1000 3796 goddelijkheid
1017 3743 1068 3780 van
1085 3724 1130 3779 het
1204 3725 1206 3732 ’

223 3826 433 3882 Christeudom.”
452 3845 482 3882 κ.
493 3843 584 3891 mnan,
601 3827 818 3898 Kerkgaoehied„
836 3828 952 3882 romald
968 3828 995 3882 in
1012 3829 1032 3883 ’t
1042 3829 1129 3889 Holl.,

277 3972 284 3985 .
306 3931 349 3985 59.

160 4027 184 4104 ²)
204 3948 299 4103 „geaiire
311 4034 490 4089 simmtliehen
500 4033 629 4089 Schriften
639 4034 698 4088 sind
715 4034 920 4106 apologetischer
930 4035 1040 4090 Natur.’'
1059 4036 1130 4090 Vide

125 4151 315 4194 LAc'rAN'rlus
333 4139 362 4193 in
380 4155 515 4196 mizon:
535 4136 720 4208 Rani-Eneycl.
740 4137 807 4192 Vlll
823 4140 912 4200 Bend‚
931 4139 1011 4199 1837.
