2792 5150
607 478 652 547 53

173 687 405 785 Perspicuitas
440 686 583 785 quidem
621 687 658 762 in
695 706 823 785 genere
856 694 928 759 tam
960 685 998 761 in
1027 685 1133 760 rebus

115 854 230 928 quam
268 829 305 902 in
343 828 458 903 verbis
495 829 666 903 Lactantii
710 852 815 926 opera
853 799 1008 901 exornat.
1060 825 1132 901 Ubi

117 971 218 1045 enim
256 971 301 1043 de
338 971 462 1057 rebus,
501 994 590 1069 quae
627 970 825 1068 acorporis
850 994 953 1042 sensu
980 977 1132 1043 remotae

118 1121 226 1201 sunt,
270 1122 380 1210 agunt
425 1113 575 1187 auctoris
617 1119 846 1186 monumenta
889 1111 1008 1184 charta
1053 1136 1132 1184 con-

118 1253 280 1350 signata,
306 1278 470 1352 persaepe
499 1253 591 1327 clare
615 1278 655 1327 ac
679 1252 797 1326 lucide
821 1252 887 1326 hoo
912 1252 1044 1326 factum
1067 1262 1130 1327 est.

119 1396 222 1484 Imo,
261 1397 366 1470 multi
394 1397 579 1495 scriptores
608 1397 775 1470 Germani
806 1421 862 1470 res
894 1395 1132 1495 philosophice

119 1547 308 1615 tractantes
333 1539 449 1638 quoad
473 1539 757 1638 perspicuitatem
778 1539 904 1613 horum
924 1539 1132 1635 scriptorum

119 1681 217 1754 haud
237 1706 362 1779 parum
387 1681 518 1755 discere
542 1690 692 1780 possent.
745 1680 801 1754 Sic
830 1706 884 1754 res
909 1689 1026 1778 gestae
1051 1679 1132 1752 vivi·

121 1823 178 1896 dis
203 1823 378 1897 coloribus
402 1823 648 1897 describuntur
681 1833 786 1921 atque
819 1832 900 1897 ante
926 1823 1046 1896 oculos
1070 1847 1131 1920 po·

122 1975 270 2039 nnntur.
305 1966 430 2064 Neque
453 1966 665 2039 omittuntur
681 1965 854 2064 exempla,
880 1991 935 2039 res
959 1965 1132 2039 illustran-

122 2108 190 2196 tia,
208 2107 338 2205 quibus
351 2134 392 2181 eo
407 2109 517 2206 magis
531 2104 667 2206 aliquid
679 2110 908 2207 perspicuum
920 2133 995 2181 sese
1011 2109 1131 2195 habet,

123 2275 196 2348 quo
221 2251 332 2348 magis
354 2251 545 2324 obscurum
561 2252 683 2325 fuerat.
724 2250 858 2327 Eodem
882 2275 964 2323 sane
989 2248 1134 2323 consilio

124 2395 398 2492 comparationes
431 2394 487 2467 hio
518 2394 592 2467 illic
621 2395 664 2467 iis
693 2395 843 2468 insertae
876 2402 976 2481 sunt,
1003 2392 1133 2489 quibus

123 2559 179 2610 res
203 2535 240 2609 in
265 2535 344 2610 luce
370 2536 463 2612 clara
486 2537 703 2614 exhibentur.
784 2561 850 2610 uae
874 2536 992 2610 omnia
1016 2560 1135 2610 revera

123 2702 195 2750 non
221 2678 340 2751 mirari
363 2702 433 2750 non
458 2702 664 2777 possumus,
689 2679 719 2751 si
743 2680 780 2751 in
808 2678 1013 2751 memoriam
1038 2702 1133 2751 revo

124 2843 265 2906 camus,
291 2827 421 2917 quanta
445 2844 555 2918 eaque
580 2820 674 2892 haud
700 2845 812 2917 pauca
828 2819 1064 2920 philosophice
1080 2819 1134 2891 his

124 2960 163 3033 in
201 2962 339 3059 scriptis
362 2971 513 3036 tractata
538 2963 608 3035 sint
623 2962 658 3053 ¹).
711 2963 857 3036 Accedit
881 2961 992 3060 quod,
1019 2960 1135 3058 quoad

124 3103 232 3176 verba
255 3104 327 3178 fere
352 3129 461 3202 aeque
486 3106 669 3205 perspicua
688 3129 793 3204 opera
812 3104 875 3179 illa
892 3113 983 3177 sunt.
1019 3103 1135 3195 Quare

125 3255 247 3322 auctor
271 3247 415 3322 illorum
448 3248 600 3322 editione
626 3247 822 3321 celebratus
847 3257 965 3345 aperte
989 3256 1135 3320 testatus

126 3400 197 3477 est,
224 3416 314 3488 puro
347 3391 517 3489 distingui
545 3390 608 3463 illa
635 3391 794 3488 eloquio,
822 3390 1004 3489 perspicuo
1029 3398 1136 3487 atque

125 3713 194 3766 quae
222 3696 300 3750 Doct.
329 3712 464 3761 snrsrrrrn,
493 3695 596 3766 scripsit
623 3695 652 3749 in
680 3696 782 3750 dhaert.
811 3697 845 3751 de
874 3697 961 3751 Pretio
984 3696 1051 3750 lnst.
1074 3696 1134 3750 Div.

128 3801 258 3856 Lactantii
277 3802 431 3867 statuendo,
452 3818 511 3872 pag.
534 3802 587 3854 116
605 3809 655 3855 etc.

168 3902 191 3967 ¹)
211 3907 290 3974 „Scin
315 3906 369 3961 Ziel
395 3906 454 3959 sind
480 3907 553 3961 mehr
577 3907 619 3959 die
636 3905 804 3960 heidnischen
824 3906 1015 3977 Philosophen‚
1035 3907 1090 3960 und
1109 3924 1137 3960 er

126 4011 203 4068 sucht
221 4029 248 4065 es
267 4011 348 4065 durch
375 4010 585 4083 philosophische
612 4011 667 4064 und
692 4010 869 4083 theologische
896 4012 1027 4068 Griinden
1046 4029 1078 4066 zu
1098 4029 1136 4067 er·

127 4116 257 4176 reichen.''
296 4117 433 4175 Fufioon:
454 4116 471 4174 l.
492 4117 509 4172 l.
531 4134 591 4192 pag.
610 4116 674 4170 239.
693 4116 747 4171 vol.
769 4117 794 4172 1.
