2792 5150
753 528 800 596 64

179 714 182 719 Α
269 736 505 826 formandam,
537 762 608 836 qua
636 737 795 808 homines
820 760 983 808 coronam
1007 735 1272 808 immortalitatis

270 880 416 978 adipisci
446 883 580 978 possint
596 882 627 971 ⁸).
680 879 779 969 Quae
804 879 947 975 quidem
968 878 1092 975 religio
1115 903 1179 976 pro
1201 878 1273 950 fun·

269 1021 432 1095 dumento
456 1023 561 1095 habet
585 1023 709 1095 Jesum
735 1021 934 1104 Christum,
959 1021 1076 1119 ipsum
1101 1020 1218 1092 Deum
1239 1028 1271 1091 et

268 1163 466 1250 hominem,
489 1189 560 1261 quo
577 1164 693 1236 cultus
715 1163 852 1236 Summi
873 1162 960 1246 Dei,
979 1162 1072 1235 salus
1090 1163 1270 1235 hominum

268 1314 303 1377 et
327 1306 440 1378 omnis
467 1307 590 1378 veritas
615 1306 817 1378 continetur
827 1304 864 1392 ').

317 1407 513 1544 Religionis
539 1448 754 1520 Christianae
787 1446 912 1519 veritas
943 1471 984 1519 ex
1018 1471 1059 1519 eo
1089 1447 1272 1544 praecipue

266 1599 379 1687 patet,
413 1591 509 1688 quod
542 1599 668 1663 eventu
704 1590 928 1687 comprobata
959 1598 1043 1662 sunt
1074 1614 1114 1662 ea
1136 1589 1270 1675 omnia,

267 1756 355 1827 quae
388 1732 576 1830 prophetae
609 1732 741 1830 Spiritu
767 1731 895 1803 Divino
921 1731 1026 1803 afflati
1052 1730 1096 1803 de
1120 1732 1272 1803 Auctore

266 1874 443 1947 vaticinati
471 1884 554 1946 suut
571 1875 605 1965 ⁸).
657 1875 840 1948 Praeterea
870 1872 985 1946 abfuit
1008 1873 1052 1945 ab
1078 1873 1183 1970 hujus
1210 1874 1271 1945 do-
1378 1908 1379 1929 ι

265 2016 397 2088 ctrinae
434 2016 722 2102 seminatoribus,
765 2016 930 2088 Auctoris
962 2015 1122 2087 coelestis
1147 2040 1270 2114 nempe
1378 2092 1379 2097 χ

264 2155 464 2255 discipulis,
498 2157 654 2253 fingendi
687 2156 848 2229 voluntas
874 2166 909 2228 et
934 2156 1080 2244 astutia,
1106 2156 1269 2253 quoniam

264 2298 369 2370 rudes
385 2297 530 2371 fuerunt
541 2300 575 2388 ⁴).
607 2299 732 2396 Neque
746 2308 913 2395 quaestus
928 2308 963 2370 et
975 2298 1147 2370 commodi
1163 2298 1270 2395 gratia
1378 2298 1379 2305 ’

265 2440 471 2537 religionem
497 2441 599 2513 istam
624 2442 815 2513 commenti
840 2450 940 2527 sunt;
972 2441 1140 2538 quoniam
1165 2441 1268 2512 vitam
1378 2406 1379 2413 i

265 2585 376 2656 secuti
412 2593 514 2670 sunt,
552 2609 643 2682 quae
675 2585 769 2657 bona
798 2585 972 2658 terrestria
999 2584 1139 2683 sprevit.
1191 2584 1269 2656 Non
1377 2601 1378 2624 l

262 2734 400 2799 tantum
436 2752 501 2825 pro
538 2728 608 2800 fide
647 2737 796 2800 mortem
828 2728 882 2800 illi
910 2728 1113 2813 subierunt,
1148 2726 1210 2799 sed
1234 2725 1269 2798 id

263 2871 444 2967 cognitum
478 2871 696 2957 hahuerunt,
729 2872 801 2944 imo
833 2871 1120 2970 praedicaverunt
1140 2897 1177 2944 se
1200 2896 1270 2945 mo·

266 3011 396 3084 rituros
419 3036 493 3084 esse
519 3012 673 3084 veritatis
692 3010 823 3084 oaussd.
877 3013 1000 3085 Postea
1024 3036 1165 3109 quoque
1195 3011 1270 3110 plu·
1376 3097 1377 3100 Ἴ

263 3152 363 3238 rimi,
398 3153 461 3251 qui
490 3178 612 3226 eorum
641 3151 863 3253 disciplinam
895 3154 1047 3252 amplexi
1074 3163 1178 3241 sunt,
1205 3154 1271 3227 sibi
1376 3163 1377 3208 ³

260 3295 391 3367 conscii
424 3305 540 3382 erant,
571 3297 694 3370 acerba
729 3307 764 3371 et
790 3297 939 3370 nefanda
970 3297 1037 3369 sibi
1065 3297 1269 3394 perferenda

259 3460 342 3508 esse.
379 3437 540 3524 Accedit,
565 3438 661 3535 quod
682 3463 753 3510 nou
774 3437 955 3536 probabile
972 3445 1038 3524 est,
1058 3436 1269 3510 Christianos
1375 3541 1376 3544 Ἴ

261 3577 298 3649 in
325 3578 415 3651 vitae
440 3604 524 3651 suae
541 3578 677 3653 actibus
694 3603 764 3652 non
783 3589 952 3666 errantes,
969 3579 1006 3651 in
1024 3578 1100 3676 ipsa
1115 3604 1266 3665 summa,
1374 3613 1377 3709 p

297 3849 319 3912 ¹)
340 3853 400 3907 niv.
421 3853 486 3906 lnst.
505 3851 551 3906 lib.
570 3852 618 3906 111.
638 3870 696 3923 cap.
717 3854 763 3906 26.

295 3952 320 4021 ²)
341 3958 402 4012 Div.
422 3957 487 4012 Inst.
506 3956 552 4010 lib.
572 3957 621 4011 IV.
641 3974 698 4026 cap.
722 3958 771 4020 10,
794 3958 840 4021 11,
862 3958 910 4022 14,
931 3961 976 4013 25.

294 4056 319 4124 ⁸)
339 4061 400 4117 Div.
419 4061 484 4115 lnst.
504 4060 553 4114 lv.
573 4077 631 4131 cap.
653 4063 681 4125 5,
710 4062 744 4113 12
764 4059 873 4132 aliisque
891 4061 962 4117 locis.

294 4160 319 4227 ⁴)
340 4165 401 4219 Div.
421 4164 487 4218 lnst.
506 4163 553 4217 lib.
571 4164 608 4218 V.
627 4180 686 4233 cap.
706 4166 733 4218 3.
