2792 5150
619 504 665 574 88

119 734 165 782 re
201 708 381 785 silentium
413 719 622 799 tenuerunt,
656 713 753 811 quod
787 713 918 812 alioqui
947 722 1040 788 certe
1071 740 1142 790 non

119 851 297 925 fecissent
309 855 343 943 ¹).

168 1093 197 1160 ¹)
226 1098 289 1153 Non
318 1098 394 1154 video
418 1099 553 1171 quomodo
573 1116 808 1158 naoruaacruoa
829 1099 1049 1175 (Dogmengerch.
1069 1102 1143 1176 Lipa.

125 1202 225 1266 1853;
252 1221 280 1274 p.
309 1205 377 1276 236)
399 1221 413 1258 e
433 1204 493 1258 Div.
513 1204 578 1258 luat.
597 1203 642 1258 lib.
662 1204 696 1259 ll.
717 1205 784 1276 Cap.
807 1206 856 1269 12;
876 1206 929 1270 Vl,
951 1207 985 1260 13
1003 1215 1031 1260 et
1049 1207 1082 1261 de
1101 1208 1144 1262 Ira

123 1306 183 1363 Dei
215 1309 264 1372 15,
282 1308 394 1363 maxime
412 1308 516 1364 ratione
533 1308 624 1364 habita
642 1308 755 1363 duorum
775 1309 891 1380 priorum
910 1309 1042 1373 locorum,
1061 1311 1144 1366 dedu·

121 1413 195 1467 dere
224 1413 307 1484 poerit
332 1413 499 1470 lactantium
526 1414 560 1469 all
592 1413 808 1471 Manioheiamum
836 1416 890 1472 fere
915 1416 1051 1487 delapsum
1079 1436 1145 1475 cara.

124 1518 218 1581 Nam,
242 1519 330 1591 quood
351 1520 477 1590 primum,
497 1538 528 1576 ex
547 1529 672 1575 contentu
690 1529 777 1592 patet,
796 1530 928 1577 auctorem
946 1522 1020 1597 loqui
1038 1523 1071 1578 de
1090 1523 1142 1578 for·

123 1622 251 1677 motione
270 1623 396 1689 hominis,
414 1640 497 1696 eaque
512 1641 543 1679 ex
559 1624 637 1679 rebus
655 1624 762 1680 diversis
778 1643 809 1680 ec
823 1626 1144 1697 repugnantibur,anima

124 1735 155 1781 ot
175 1744 297 1797 corpore.
334 1727 367 1782 In
386 1727 435 1782 hac
454 1728 576 1783 societate
593 1736 682 1783 autem
701 1728 789 1783 anima
806 1730 965 1800 superiorem
984 1740 1086 1801 partem
1104 1738 1143 1786 te·

8 1852 9 1857 ¹
125 1839 193 1897 net,
212 1831 276 1904 quia
294 1831 420 1904 originem
438 1849 512 1889 auam
530 1833 564 1889 de
582 1834 640 1888 Deo
654 1833 740 1896 ducit;
757 1850 864 1904 corpur,
879 1842 983 1898 contra,
994 1834 1142 1893 interiorem

125 1944 221 2001 tenet,
240 1937 324 2008 quod,
343 1937 468 2007 quoniam
487 1946 619 1994 terrenum
641 1947 695 2004 eat,
714 1938 816 2001 animae
831 1939 910 1994 debet
924 1939 1142 2010 ecceaubjectum.

126 2043 200 2109 „Eat
223 2041 293 2097 euim
312 2042 387 2114 quasi
404 2043 551 2107 vasculum,
569 2060 623 2114 quo
641 2052 768 2115 tanquam
789 2043 919 2099 domicilio
938 2044 1075 2115 temporali
1092 2044 1144 2115 api·

124 2146 199 2202 ritm
217 2146 334 2202 maan·
354 2146 463 2202 utimr?
500 2149 591 2214 Quae,
613 2166 696 2219 quum
715 2149 753 2204 ita
780 2149 847 2212 aiut,
875 2148 949 2205 nulla
974 2167 1065 2204 cauma
1089 2159 1145 2213 eat,

127 2260 162 2306 ut
192 2251 301 2322 opinor,
327 2251 495 2311 Iaetcmium
521 2253 702 2309 Manicbeiami
726 2252 873 2309 acouundi.
912 2254 1006 2325 Neque
1028 2255 1054 2308 id
1081 2253 1144 2309 sana

128 2364 210 2427 patet
236 2373 251 2410 o
277 2355 323 2410 lib.
352 2356 406 2421 Vl,
434 2355 480 2410 ubi
505 2355 628 2429 legimur:
649 2374 749 2425 „nemo
768 2374 823 2413 erae
842 2357 898 2411 aine
923 2358 1017 2413 delicto
1043 2366 1143 2428 potest,

128 2460 262 2532 quamdiu
287 2459 443 2515 indumento
462 2460 546 2515 carnis
565 2469 688 2516 oneratus
706 2468 753 2515 eat.
792 2460 875 2530 Cujus
899 2461 1036 2516 infirmitas
1062 2462 1142 2516 modo

128 2564 252 2636 subjacet
280 2563 398 2624 dominio
426 2565 539 2636 poecati:
566 2565 655 2632 faeno,
674 2565 765 2630 diona,
782 2565 1008 2639 οοςίιιιοίοιιὶὶοιιιῖ1
1046 2567 1143 2624 Nonne

130 2672 205 2727 enim
228 2670 293 2726 haec
316 2671 477 2742 respondent
499 2670 584 2728 verbio
601 2687 705 2735 ruunt,
725 2670 851 2728 dicentia:
872 2664 934 2730 olle
953 2674 1007 2740 γὰρ
1026 2667 1071 2726 ὅτι
1092 2666 1141 2726 οὐκ

131 2774 208 2831 οἰκεῖ
230 2772 258 2829 ἐν
285 2771 348 2841 luel
379 2772 543 2837 (τουτέστιν
569 2771 597 2829 ἓν
623 2780 659 2845 τῇ
685 2775 768 2844 capul
791 2775 858 2842 μου]
885 2772 1007 2846 ducito,
1037 2776 1141 2849 alioque

129 2880 207 2935 loco:
236 2881 422 2947 Τολοῖτοορος
446 2876 503 2950 ἐγὼ
529 2875 677 2949 ἄνθρωπος·
707 2882 752 2946 τίς
777 2898 812 2947 με
834 2880 950 2950 ῥύσεται
969 2878 1002 2936 ἐκ
1020 2880 1073 2936 τοῦ
1092 2876 1141 2936 ola

131 3003 228 3054 μοτοο
248 2984 301 3040 τοῦ
319 2982 443 3044 lavaron
463 2984 582 3049 τούτους
602 3008 642 3022 -
661 2986 747 3041 Locus
765 2985 872 3041 ultimus
891 2986 999 3041 omnino
1018 2986 1141 3055 majorem

130 3090 188 3145 vim
213 3089 304 3155 habet,
332 3107 394 3144 nam
415 3090 451 3144 ibi
470 3099 561 3144 auctor
579 3089 642 3144 dicit
660 3098 767 3161 propter
785 3089 969 3144 formationem
995 3089 1097 3145 animae
1115 3100 1142 3144 et

131 3195 250 3266 corpori·
273 3213 299 3249 e¹
313 3194 385 3249 coelo
411 3204 437 3251 et
464 3205 534 3250 terra
557 3194 631 3250 elteri
650 3194 751 3250 bonum
770 3194 921 3258 adhaerere,
941 3195 1016 3251 alteri
1033 3196 1140 3251 malum.

132 3298 228 3369 „Hinc
245 3298 345 3354 exautit
362 3298 389 3353 in
408 3299 559 3355 hominibus
577 3307 687 3354 naturae
709 3316 771 3354 rure
790 3298 969 3369 depravatio.”
1007 3301 1058 3354 Sed
1078 3319 1140 3355 con·

131 3413 185 3468 tra,
212 3404 364 3460 Lactantius
389 3404 446 3459 luce
471 3404 564 3460 clarina
588 3404 681 3459 statuit
701 3403 843 3458 Diabolum
862 3403 998 3476 fraudibus
1022 3405 1075 3460 suia
1093 3405 1140 3459 ho-

133 3509 231 3564 minem
256 3509 400 3579 corrupisse
423 3509 465 3565 rel
492 3510 644 3564 etiamnunc
669 3526 834 3579 corrumpere
862 3516 889 3563 et
917 3509 953 3562 ric
981 3509 1013 3563 de
1040 3510 1141 3582 origine

133 3614 232 3685 peccati
260 3615 393 3669 hominem
417 3615 540 3670 biblicam
566 3615 693 3669 rationem
713 3614 837 3686 aequitio.
877 3612 937 3669 Div.
957 3614 1021 3668 lnat.
1040 3614 1085 3669 lib.
1104 3616 1139 3671 Il.

132 3737 191 3789 cap.
223 3720 257 3772 12
283 3720 310 3773 in
335 3719 433 3783 medio,
463 3720 497 3773 14
515 3719 604 3783 initio,
629 3719 702 3789 Epit.
722 3719 767 3779 27.
806 3719 896 3779 Quare
914 3718 1019 3773 difficile
1043 3727 1082 3772 eat
1107 3736 1139 3773 ox

128 3809 246 3879 'motoris
273 3825 352 3879 modo
382 3824 468 3878 minua
492 3833 610 3880 accurate
635 3824 761 3895 loquendi
786 3824 834 3879 hac
857 3824 890 3878 de
905 3842 933 3877 re
951 3835 1021 3878 certo
1046 3824 1139 3879 certius

133 3929 295 3987 concludere.
335 3929 499 3985 Probabilius
516 3929 596 4001 igitur
614 3929 775 4001 propiusque
794 3929 897 3983 veritati
915 3941 966 3993 eat,
985 3938 1016 3984 ut
1032 3929 1136 4000 opinor,

133 4051 193 4089 eum
213 4034 296 4106 magia
314 4052 330 4088 a
349 4034 468 4088 doctrina
487 4033 685 4088 Manicheorum
704 4033 819 4098 differre,
837 4051 917 4104 quam
935 4033 969 4087 ad
987 4050 1045 4089 eam
1063 4032 1138 4088 valde

133 4138 265 4195 inclinare.
