2792 5150
717 450 762 567 aa

232 709 283 781 hil
296 710 382 783 scire
394 715 595 808 potuerunt,
606 708 673 779 nisi
685 707 782 804 quod
790 706 907 779 divina
916 706 1145 804 patefactione
1158 731 1250 777 oum

233 850 435 924 hominibus
451 850 750 924 communicatum
768 849 821 921 sit.
861 847 998 921 Deinde
1010 849 1158 947 probare
1172 857 1249 920 stu-

233 994 293 1067 det
304 995 435 1091 quibus
448 993 659 1091 quantisque
676 992 713 1065 in
729 991 941 1063 vanitatibus
958 991 1023 1063 viri
1045 991 1098 1063 illi
1114 991 1247 1063 versati

232 1137 318 1222 sint;
346 1136 496 1234 exempli
516 1159 637 1221 causa,
652 1161 671 1207 e
684 1134 821 1233 placitis
845 1132 1004 1231 Epicuri,
1023 1125 1244 1218 Stoicomm‚

234 1278 449 1374 Pythagorae
461 1277 690 1373 aliorumque.
718 1275 835 1347 Tertia
856 1276 893 1348 in
914 1283 1011 1374 parte
1034 1300 1173 1346 rursum
1190 1300 1246 1346 ar-

232 1419 312 1516 guit
324 1418 578 1517 philosophiam
591 1442 662 1489 non
689 1442 762 1490 esse
776 1417 998 1515 sapientiam,
1024 1417 1108 1513 quia
1123 1441 1245 1488 anon-

234 1561 342 1634 nullis
377 1569 516 1633 tantum
539 1560 584 1632 ad
609 1560 834 1658 philosophos
859 1559 1098 1655 restringitur,
1125 1582 1244 1655 neque

145 1794 147 1797 Ι
235 1711 351 1801 potest
388 1703 540 1788 efficere,
584 1702 680 1799 quod
717 1727 798 1774 vera
838 1701 962 1798 religio
1003 1726 1085 1773 sane
1122 1701 1244 1786 efficit,

233 1845 289 1917 ita.
322 1852 364 1916 ut
400 1867 441 1915 ex
478 1843 646 1915 iracundo
684 1843 866 1941 placidum
910 1842 1012 1914 faciat
1058 1851 1163 1939 atque
1199 1867 1246 1914 ex

233 1986 310 2058 aliis
349 1986 444 2058 alios.
508 1985 604 2071 Imo,
644 1985 843 2083 philosophi
878 1984 945 2081 ipsi
980 1984 1125 2081 professi
1161 1994 1248 2057 sunt

232 2153 270 2200 se
295 2127 495 2225 insipientes
520 2151 604 2199 esse.
649 2126 789 2216 Quibus
816 2126 980 2199 omnibus
1005 2125 1245 2222 comprobatis

232 2270 410 2343 concludit
459 2277 596 2354 auctor,
644 2277 821 2341 statuens:
873 2267 1018 2354 „omnis
1071 2268 1247 2365 sapientia

230 2412 382 2485 hominis
405 2412 442 2483 in
467 2412 532 2484 hoc
557 2435 629 2482 uno
658 2419 729 2496 est,
769 2419 810 2482 ut
835 2410 953 2482 Deum
990 2418 1175 2506 cognoscat
1208 2418 1247 2481 et

222 2555 339 2642 colat,
373 2555 410 2627 in
436 2580 506 2652 qua
531 2544 687 2627 doctrina
720 2578 790 2625 una
814 2553 958 2651 quidem
985 2578 1063 2651 spes
1088 2551 1261 2638 homini,

234 2724 306 2771 una
331 2698 424 2770 salus
450 2697 536 2771 est.''

281 2840 387 2913 Liber
423 2839 486 2926 IV,
523 2842 564 2912 de
596 2864 675 2911 cera
714 2841 905 2933 Sapientia.
959 2839 1039 2911 Hoc
1076 2839 1112 2910 in
1149 2814 1245 2910 libro

232 2991 353 3055 auctor
386 2981 634 3079 expositionem
668 2980 844 3052 doctrinae
871 2980 1105 3066 Christianae,
1132 3005 1241 3076 quam

233 3123 446 3196 auctoritatis
462 3123 675 3220 rationisque
693 3122 909 3219 argumentis
927 3122 1152 3220 comprobare
1170 3130 1240 3193 stu·

234 3267 308 3353 det,
335 3266 436 3339 nobis
463 3265 531 3338 sub
558 3264 689 3338 oculos·
703 3264 813 3362 ponit.
847 3264 889 3336 Ιο
908 3264 1048 3337 exordio
1065 3264 1246 3360 eloquenti

234 3409 447 3481 demonstrat
471 3407 692 3506 philosophos
727 3406 845 3478 divina
873 3405 1093 3504 providentia
1120 3404 1242 3478 dereli-

234 3560 307 3624 ctos
347 3550 527 3623 veritatem
565 3550 651 3623 scire
684 3573 755 3621 000
788 3549 961 3647 potuisse,
996 3573 1103 3645 quam
1146 3557 1243 3620 extra

233 3695 320 3766 fines
343 3693 595 3791 quaesiverint,
630 3716 745 3790 neque
778 3692 823 3763 ab
856 3690 1002 3764 ludaeis
1032 3690 1240 3789 acceperint.

234 3834 340 3925 Quod
364 3860 435 3907 non
460 3834 659 3907 mirandum
677 3843 744 3918 est,
771 3832 945 3930 siquidem
967 3832 1062 3930 apud
1079 3830 1243 3903 Christia-

234 4003 297 4050 nos
320 3977 430 4064 solos,
465 3978 641 4075 aquibus
675 4003 769 4050 unus
798 4001 970 4074 verusque
995 3974 1094 4048 Deus
1120 3976 1162 4048 Ο.
1190 3976 1240 4048 Μ.

233 4122 380 4208 colitur,
407 4121 597 4221 sapientiae
622 4146 705 4193 cum
739 4119 908 4216 religione
940 4119 1122 4191 vinculum
1147 4117 1242 4190 inve-
