2792 5150
623 507 666 578 81

132 720 277 796 codices
302 746 416 796 sacros
440 719 578 795 Veteris
603 717 770 792 Foederis
791 715 973 813 rejiciunt,
999 715 1056 788 hic
1081 715 1146 788 fre·

135 873 290 963 quenter
320 865 363 938 iis
395 889 481 939 usus
514 871 565 937 est
599 885 728 960 eosque
757 860 893 934 divinos
917 860 1051 933 habuit.
1090 858 1146 933 Sic

137 1007 249 1081 etiam
277 1006 495 1083 Judaeornm
524 1005 729 1103 religionem
755 1003 920 1077 divinitus
950 1003 1147 1076 institutam

138 1148 301 1222 nominat
339 1173 530 1247 eorumque
567 1147 752 1246 prophetas
788 1147 879 1219 viros
910 1171 931 1218 a
962 1169 1043 1218 vero
1071 1146 1148 1218 Deo

138 1289 328 1389 inspiratos
340 1292 374 1380 ²).
401 1290 495 1382 Quin
522 1299 695 1363 eteorum
713 1288 970 1361 vaticinationes
986 1287 1030 1360 de
1046 1287 1068 1357 J
1070 1312 1147 1372 esu,

138 1433 296 1507 hominis
321 1431 516 1520 servatore,
543 1432 662 1530 magni
679 1431 780 1517 fecit,
797 1441 838 1504 ut
854 1439 949 1528 patet
970 1455 1011 1503 ex
1028 1428 1149 1502 multis

140 1574 317 1673 ejusmodi
341 1574 429 1648 locis
454 1574 585 1661 allatis,
619 1574 824 1673 praesertim
849 1574 885 1647 in
910 1572 1001 1646 libro
1026 1580 1150 1670 quarto

140 1717 225 1792 Div.
257 1718 344 1791 Inst.

195 1858 305 1932 Haud
337 1858 438 1932 aliter
471 1883 492 1931 a
519 1858 807 1932 Manichaeorum
832 1857 989 1931 doctrina
1015 1856 1149 1944 differt,

141 2001 263 2100 quoad
275 2001 427 2074 hominis
439 2001 695 2088 formationem,
705 2001 813 2099 idque
821 1983 1021 2099 piaesertim
1035 2000 1151 2098 quoad

143 2168 296 2217 sexuum
313 2144 482 2217 rationem
494 2143 529 2233 ³).
546 2144 683 2241 ·Itaqne
700 2168 769 2216 non
786 2142 968 2217 haesitavit
983 2144 1152 2216 affirmare

144 2295 269 2345 eorum
306 2296 459 2344 amorem
496 2271 589 2344 inter
622 2297 658 2345 se
691 2296 731 2343 aa
756 2271 964 2370 cupiditates
990 2297 1010 2344 a
1035 2270 1152 2344 divina

144 2413 372 2487 Providentia
403 2415 451 2487 sie
483 2415 642 2487 instituta
667 2416 787 2505 esse⁸).
826 2413 927 2488 Idem
946 2415 989 2487 de
1011 2414 1152 2488 homine

145 2556 241 2656 ipso,
276 2557 372 2655 quod
405 2557 529 2631 attinet
561 2557 636 2655 ejus
669 2557 827 2631 animum
861 2567 895 2631 et
930 2582 1073 2657 corpus,
1103 2581 1152 2630 ar·

147 2925 175 2963 re
197 2907 264 2962 inter
283 2906 334 2961 alia
352 2905 431 2962 dicit:
452 2906 523 2974 „dno
542 2904 622 2977 igitur
640 2905 839 2961 constituuntur
857 2914 973 2969 aeterna,
1002 2914 1029 2960 et
1047 2905 1154 2977 quidem

147 3014 216 3067 inter
234 3029 262 3067 ae
280 3011 426 3067 contraria:
457 3012 529 3082 quod
554 3011 610 3065 fieri
635 3011 691 3066 sine
710 3011 840 3065 discordia
857 3020 884 3066 et
904 3011 1016 3082 pernicie
1033 3028 1089 3065 non
1107 3028 1155 3081 po·

147 3126 208 3173 teet.
227 3147 266 3159 -
285 3119 355 3190 Ergo
373 3116 429 3172 fieri
453 3133 509 3171 non
536 3125 635 3187 potest,
665 3117 730 3188 quin
748 3116 848 3172 aeterni
865 3125 960 3172 natura
978 3116 1012 3171 sit
1030 3115 1153 3187 simplex;

148 3229 181 3277 ut
199 3222 260 3277 inde
279 3221 381 3285 omnia,
400 3221 472 3276 velut
490 3238 521 3276 ex
540 3221 614 3276 fonte
633 3221 839 3278 descenderint.’'

189 3324 212 3390 l)
232 3327 298 3382 inst.
316 3327 361 3382 lib.
384 3326 408 3380 1.
427 3344 485 3397 cap.
505 3330 536 3391 43
556 3325 602 3380 lib.
621 3326 671 3382 IV.
690 3345 713 3382 c.
735 3330 750 3381 5
771 3334 799 3381 et
816 3344 839 3382 c.
861 3326 904 3381 ll.

188 3426 213 3494 ²)
233 3431 393 3501 „Hominem
411 3430 489 3485 finxit
506 3447 538 3485 ex
557 3430 614 3502 ipsa
630 3438 712 3496 terra,
731 3448 811 3502 quam
830 3429 868 3485 illi
885 3448 902 3485 a
920 3429 1049 3500 principio
1065 3428 1093 3484 in
1109 3427 1155 3484 he·

149 3534 294 3591 bitacnlum
312 3535 489 3606 praeparavit;
509 3534 526 3590 i.
542 3552 566 3593 e.
578 3536 712 3608 ‘Spiritum
731 3554 808 3591 suum
827 3545 930 3591 terreno
944 3552 1052 3607 corpore
1069 3533 1157 3589 induit

150 3648 177 3696 et
194 3639 332 3705 involvit‚”
341 3640 386 3695 lib.
394 3640 468 3696 VIII.
479 3658 501 3696 c.
514 3644 539 3696 5.
558 3670 596 3681 —-
615 3641 701 3710 „Cum
720 3658 782 3713 ergo
801 3658 899 3697 marem
912 3641 946 3695 ad
960 3640 1156 3695 similitudinem

150 3762 224 3799 suam
235 3745 349 3815 primum
358 3744 487 3811 finxisset,
507 3754 563 3800 tum
583 3746 660 3800 etiam
679 3745 820 3801 foeminam
839 3746 1012 3817 configuravit
1027 3746 1060 3800 ad
1077 3745 1158 3816 ipsius

150 3849 265 3904 hominia
283 3849 408 3921 effigiem
437 3860 469 3906 ut
497 3852 551 3906 duo
576 3851 643 3906 inter
661 3869 689 3906 ae
708 3852 830 3922 permixti
847 3861 935 3907 sextus
954 3869 1097 3925 propagare
1116 3868 1157 3905 so·

150 3953 238 4008 boiem
257 3963 376 4025 possent,
397 3963 425 4009 et
450 3972 555 4011 omnem
573 3963 669 4011 terram
687 3956 856 4011 multitudine
874 3956 1006 4028 opplere.’'
1043 3956 1102 4012 Lib.
1121 3956 1157 4012 11.

151 4076 209 4130 cap.
232 4060 266 4113 12
285 4059 343 4114 init.
362 4088 401 4099 -
420 4060 489 4114 Vide
507 4069 534 4115 et
552 4077 610 4132 cap.
633 4062 680 4127 10,
699 4070 726 4116 et
745 4062 778 4116 de
795 4060 869 4133 Opif.
890 4062 940 4117 Dei
957 4080 1016 4134 cop.
1039 4062 1082 4117 lo.

190 4159 214 4229 ³)
234 4164 305 4220 Vide
323 4164 369 4220 lib.
389 4165 438 4221 VI.
457 4182 515 4236 cap.
535 4167 587 4231 23;
606 4167 639 4221 de
657 4167 701 4221 lna
720 4166 783 4234 Dei,
802 4185 861 4239 cap.
884 4168 926 4223 la.

1004 4271 1039 4327 ll
