<?xml version="1.0" encoding="UTF-8"?>
<!DOCTYPE html PUBLIC "-//W3C//DTD XHTML 1.0 Transitional//EN"
    "http://www.w3.org/TR/xhtml1/DTD/xhtml1-transitional.dtd">
<html xmlns="http://www.w3.org/1999/xhtml" xml:lang="en" lang="en">
 <head>
  <title>
</title>
<meta http-equiv="Content-Type" content="text/html;charset=utf-8" />
  <meta name='ocr-system' content='tesseract 3.04.00' />
  <meta name='ocr-capabilities' content='ocr_page ocr_carea ocr_par ocr_line ocrx_word'/>
</head>
<body>
  <div class='ocr_page' id='page_1' title='image "./specimenhistori00kotzgoog_0038.png"; bbox 0 0 2792 5150; ppageno 0'>
   <div class='ocr_carea' id='block_1_1' title="bbox 587 1151 957 1234">
    <p class='ocr_par' dir='ltr' id='par_1_1' title="bbox 587 1151 957 1234">
     <span class='ocr_line' id='line_1_1' title="bbox 587 1151 957 1234; baseline 0.003 -2"><span class='ocrx_word' id='word_1_1' title='bbox 587 1151 851 1234; x_wconf 86' lang='lat' dir='ltr'><strong>CAPUT</strong></span> <span class='ocrx_word' id='word_1_2' title='bbox 902 1153 957 1234; x_wconf 93' lang='grc' dir='ltr'>Π.</span> 
     </span>
    </p>
   </div>
   <div class='ocr_carea' id='block_1_2' title="bbox 581 1386 966 1438">
    <p class='ocr_par' dir='ltr' id='par_1_2' title="bbox 581 1386 966 1438">
     <span class='ocr_line' id='line_1_2' title="bbox 581 1386 966 1438; baseline 0.005 -2"><span class='ocrx_word' id='word_1_3' title='bbox 581 1386 774 1436; x_wconf 70' lang='lat' dir='ltr'>Lucrinum</span> <span class='ocrx_word' id='word_1_4' title='bbox 809 1387 966 1438; x_wconf 76' lang='lat' dir='ltr'>SCRIPTA.</span> 
     </span>
    </p>
   </div>
   <div class='ocr_carea' id='block_1_3' title="bbox 737 1833 814 1918">
    <p class='ocr_par' dir='ltr' id='par_1_3' title="bbox 737 1833 814 1918">
     <span class='ocr_line' id='line_1_3' title="bbox 737 1833 814 1918; baseline 0 -17"><span class='ocrx_word' id='word_1_5' title='bbox 737 1833 814 1918; x_wconf 73' lang='lat' dir='ltr'>tl.</span> 
     </span>
    </p>
   </div>
   <div class='ocr_carea' id='block_1_4' title="bbox 640 2053 911 2128">
    <p class='ocr_par' dir='ltr' id='par_1_4' title="bbox 640 2053 911 2128">
     <span class='ocr_line' id='line_1_4' title="bbox 640 2053 911 2128; baseline 0 -2"><span class='ocrx_word' id='word_1_6' title='bbox 640 2053 911 2128; x_wconf 82' lang='lat' dir='ltr'>Procnonendu.</span> 
     </span>
    </p>
   </div>
   <div class='ocr_carea' id='block_1_5' title="bbox 267 2277 1287 4230">
    <p class='ocr_par' dir='ltr' id='par_1_5' title="bbox 267 2277 1287 4230">
     <span class='ocr_line' id='line_1_5' title="bbox 320 2277 1286 2377; baseline -0.001 -25"><span class='ocrx_word' id='word_1_7' title='bbox 320 2279 425 2352; x_wconf 90' lang='lat' dir='ltr'>Nunc</span> <span class='ocrx_word' id='word_1_8' title='bbox 450 2277 551 2351; x_wconf 89' lang='lat' dir='ltr'>nobis</span> <span class='ocrx_word' id='word_1_9' title='bbox 583 2277 801 2377; x_wconf 90' lang='lat' dir='ltr'>propositum</span> <span class='ocrx_word' id='word_1_10' title='bbox 831 2286 883 2351; x_wconf 87' lang='lat' dir='ltr'>est</span> <span class='ocrx_word' id='word_1_11' title='bbox 908 2303 1010 2377; x_wconf 83' lang='lat' dir='ltr'>agere</span> <span class='ocrx_word' id='word_1_12' title='bbox 1036 2279 1080 2352; x_wconf 89' lang='lat' dir='ltr'>de</span> <span class='ocrx_word' id='word_1_13' title='bbox 1109 2278 1286 2352; x_wconf 80' lang='lat' dir='ltr'>lactantii</span> 
     </span>
     <span class='ocr_line' id='line_1_6' title="bbox 273 2420 1286 2523; baseline -0.001 -28"><span class='ocrx_word' id='word_1_14' title='bbox 273 2421 419 2520; x_wconf 86' lang='lat' dir='ltr'>scriptis.</span> <span class='ocrx_word' id='word_1_15' title='bbox 470 2420 544 2493; x_wconf 88' lang='lat' dir='ltr'>Neo</span> <span class='ocrx_word' id='word_1_16' title='bbox 570 2444 682 2523; x_wconf 87' lang='lat' dir='ltr'>pauca</span> <span class='ocrx_word' id='word_1_17' title='bbox 705 2445 787 2493; x_wconf 87' lang='lat' dir='ltr'>sane</span> <span class='ocrx_word' id='word_1_18' title='bbox 808 2420 932 2494; x_wconf 86' lang='lat' dir='ltr'>litteris</span> <span class='ocrx_word' id='word_1_19' title='bbox 956 2421 1134 2494; x_wconf 88' lang='lat' dir='ltr'>mandavit</span> <span class='ocrx_word' id='word_1_20' title='bbox 1158 2431 1286 2494; x_wconf 85' lang='lat' dir='ltr'>auctor</span> 
     </span>
     <span class='ocr_line' id='line_1_7' title="bbox 272 2563 1281 2662; baseline 0 -24"><span class='ocrx_word' id='word_1_21' title='bbox 272 2572 401 2651; x_wconf 88' lang='lat' dir='ltr'>noster,</span> <span class='ocrx_word' id='word_1_22' title='bbox 410 2589 500 2661; x_wconf 89' lang='lat' dir='ltr'>quae</span> <span class='ocrx_word' id='word_1_23' title='bbox 512 2563 642 2661; x_wconf 88' lang='lat' dir='ltr'>injuria</span> <span class='ocrx_word' id='word_1_24' title='bbox 653 2571 852 2662; x_wconf 90' lang='lat' dir='ltr'>temporum</span> <span class='ocrx_word' id='word_1_25' title='bbox 863 2563 1091 2652; x_wconf 88' lang='lat' dir='ltr'>interieruut;</span> <span class='ocrx_word' id='word_1_26' title='bbox 1106 2565 1281 2638; x_wconf 87' lang='lat' dir='ltr'>nonnulla</span> 
     </span>
     <span class='ocr_line' id='line_1_8' title="bbox 273 2706 1285 2805; baseline 0.002 -26"><span class='ocrx_word' id='word_1_27' title='bbox 273 2732 354 2781; x_wconf 87' lang='lat' dir='ltr'>vero</span> <span class='ocrx_word' id='word_1_28' title='bbox 378 2706 483 2780; x_wconf 90' lang='lat' dir='ltr'>etiam</span> <span class='ocrx_word' id='word_1_29' title='bbox 498 2731 593 2779; x_wconf 89' lang='lat' dir='ltr'>nunc</span> <span class='ocrx_word' id='word_1_30' title='bbox 613 2715 748 2781; x_wconf 84' lang='lat' dir='ltr'>exstant</span> <span class='ocrx_word' id='word_1_31' title='bbox 765 2708 864 2804; x_wconf 87' lang='lat' dir='ltr'>quasi</span> <span class='ocrx_word' id='word_1_32' title='bbox 880 2715 1107 2780; x_wconf 88' lang='lat' dir='ltr'>monumenta</span> <span class='ocrx_word' id='word_1_33' title='bbox 1130 2730 1209 2780; x_wconf 86' lang='lat' dir='ltr'>acre</span> <span class='ocrx_word' id='word_1_34' title='bbox 1225 2733 1285 2805; x_wconf 89' lang='lat' dir='ltr'>pe·</span> 
     </span>
     <span class='ocr_line' id='line_1_9' title="bbox 273 2847 1287 2946; baseline -0.002 -23"><span class='ocrx_word' id='word_1_35' title='bbox 273 2849 412 2936; x_wconf 76' lang='lat' dir='ltr'>nonnis,</span> <span class='ocrx_word' id='word_1_36' title='bbox 430 2872 520 2946; x_wconf 90' lang='lat' dir='ltr'>quae</span> <span class='ocrx_word' id='word_1_37' title='bbox 535 2873 650 2945; x_wconf 89' lang='lat' dir='ltr'>neque</span> <span class='ocrx_word' id='word_1_38' title='bbox 667 2873 839 2922; x_wconf 87' lang='lat' dir='ltr'>aunomm</span> <span class='ocrx_word' id='word_1_39' title='bbox 856 2849 961 2922; x_wconf 88' lang='lat' dir='ltr'>series</span> <span class='ocrx_word' id='word_1_40' title='bbox 972 2872 1086 2946; x_wconf 89' lang='lat' dir='ltr'>neque</span> <span class='ocrx_word' id='word_1_41' title='bbox 1100 2847 1185 2946; x_wconf 86' lang='lat' dir='ltr'>fuga</span> <span class='ocrx_word' id='word_1_42' title='bbox 1196 2856 1287 2921; x_wconf 90' lang='lat' dir='ltr'>tem·</span> 
     </span>
     <span class='ocr_line' id='line_1_10' title="bbox 274 2989 1286 3091; baseline -0.001 -27"><span class='ocrx_word' id='word_1_43' title='bbox 274 3015 400 3091; x_wconf 89' lang='lat' dir='ltr'>porum</span> <span class='ocrx_word' id='word_1_44' title='bbox 421 2990 571 3089; x_wconf 81' lang='lat' dir='ltr'>diripere</span> <span class='ocrx_word' id='word_1_45' title='bbox 593 2998 794 3087; x_wconf 86' lang='lat' dir='ltr'>potuerunt.</span> <span class='ocrx_word' id='word_1_46' title='bbox 831 2990 965 3063; x_wconf 79' lang='lat' dir='ltr'>Eorum</span> <span class='ocrx_word' id='word_1_47' title='bbox 981 2989 1141 3062; x_wconf 90' lang='lat' dir='ltr'>omnium</span> <span class='ocrx_word' id='word_1_48' title='bbox 1157 2990 1286 3063; x_wconf 83' lang='lat' dir='ltr'>catalo-</span> 
     </span>
     <span class='ocr_line' id='line_1_11' title="bbox 274 3134 1287 3238; baseline 0 -29"><span class='ocrx_word' id='word_1_49' title='bbox 274 3161 377 3235; x_wconf 83' lang='lat' dir='ltr'>gum,</span> <span class='ocrx_word' id='word_1_50' title='bbox 394 3134 456 3233; x_wconf 93' lang='lat' dir='ltr'>qui</span> <span class='ocrx_word' id='word_1_51' title='bbox 468 3134 652 3232; x_wconf 76' lang='lat' dir='ltr'>magnicat</span> <span class='ocrx_word' id='word_1_52' title='bbox 664 3134 834 3207; x_wconf 81' lang='lat' dir='ltr'><strong>momenti</strong></span> <span class='ocrx_word' id='word_1_53' title='bbox 851 3134 896 3207; x_wconf 85' lang='lat' dir='ltr'>ad</span> <span class='ocrx_word' id='word_1_54' title='bbox 907 3134 1124 3238; x_wconf 78' lang='lat' dir='ltr'><strong>authentiam</strong></span> <span class='ocrx_word' id='word_1_55' title='bbox 1136 3159 1287 3233; x_wconf 86' lang='lat' dir='ltr'>operum</span> 
     </span>
     <span class='ocr_line' id='line_1_12' title="bbox 275 3275 1286 3373; baseline -0.005 -19"><span class='ocrx_word' id='word_1_56' title='bbox 275 3278 455 3354; x_wconf 75' lang='lat' dir='ltr'>Lactantio</span> <span class='ocrx_word' id='word_1_57' title='bbox 480 3277 753 3351; x_wconf 88' lang='lat' dir='ltr'>tribuendorum</span> <span class='ocrx_word' id='word_1_58' title='bbox 777 3276 1013 3362; x_wconf 85' lang='lat' dir='ltr'>efficiendam,</span> <span class='ocrx_word' id='word_1_59' title='bbox 1044 3275 1286 3373; x_wconf 87' lang='lat' dir='ltr'>Hieronymus</span> 
     </span>
     <span class='ocr_line' id='line_1_13' title="bbox 275 3418 1286 3517; baseline -0.003 -22"><span class='ocrx_word' id='word_1_60' title='bbox 275 3422 376 3496; x_wconf 91' lang='lat' dir='ltr'>nobis</span> <span class='ocrx_word' id='word_1_61' title='bbox 400 3420 556 3500; x_wconf 87' lang='lat' dir='ltr'>servavit.</span> <span class='ocrx_word' id='word_1_62' title='bbox 582 3419 679 3493; x_wconf 87' lang='lat' dir='ltr'>Dicit</span> <span class='ocrx_word' id='word_1_63' title='bbox 695 3419 843 3493; x_wconf 90' lang='lat' dir='ltr'>scilicet:</span> <span class='ocrx_word' id='word_1_64' title='bbox 871 3418 1084 3506; x_wconf 89' lang='lat' dir='ltr'>„Habemus</span> <span class='ocrx_word' id='word_1_65' title='bbox 1100 3419 1176 3517; x_wconf 87' lang='lat' dir='ltr'>ejus</span> <span class='ocrx_word' id='word_1_66' title='bbox 1192 3422 1286 3517; x_wconf 67' lang='lat' dir='ltr'>Synn-</span> 
     </span>
     <span class='ocr_line' id='line_1_14' title="bbox 267 3556 1286 3661; baseline -0.005 -23"><span class='ocrx_word' id='word_1_67' title='bbox 267 3568 421 3661; x_wconf 72' lang='lat' dir='ltr'>poaium,</span> <span class='ocrx_word' id='word_1_68' title='bbox 446 3562 543 3660; x_wconf 90' lang='lat' dir='ltr'>quod</span> <span class='ocrx_word' id='word_1_69' title='bbox 568 3560 767 3634; x_wconf 87' lang='lat' dir='ltr'>adolescens</span> <span class='ocrx_word' id='word_1_70' title='bbox 785 3560 920 3659; x_wconf 88' lang='lat' dir='ltr'>scripsit</span> <span class='ocrx_word' id='word_1_71' title='bbox 937 3560 1095 3648; x_wconf 86' lang='lat' dir='ltr'>Africae,</span> <span class='ocrx_word' id='word_1_72' title='bbox 1122 3570 1158 3634; x_wconf 89' lang='lat' dir='ltr'>et</span> <span class='ocrx_word' id='word_1_73' title='bbox 1185 3556 1235 3635; x_wconf 81' lang='lat' dir='ltr'>dd</span> <span class='ocrx_word' id='word_1_74' title='bbox 1237 3582 1286 3634; x_wconf 86' lang='grc' dir='ltr'>οι-</span> 
     </span>
     <span class='ocr_line' id='line_1_15' title="bbox 278 3702 1286 3805; baseline -0.005 -24"><span class='ocrx_word' id='word_1_75' title='bbox 278 3703 451 3805; x_wconf 74' lang='lat' dir='ltr'>uoprndu</span> <span class='ocrx_word' id='word_1_76' title='bbox 477 3705 521 3778; x_wconf 88' lang='lat' dir='ltr'>de</span> <span class='ocrx_word' id='word_1_77' title='bbox 538 3703 657 3778; x_wconf 77' lang='lat' dir='ltr'>Africa</span> <span class='ocrx_word' id='word_1_78' title='bbox 673 3728 787 3801; x_wconf 89' lang='lat' dir='ltr'>usque</span> <span class='ocrx_word' id='word_1_79' title='bbox 799 3702 1056 3788; x_wconf 87' lang='lat' dir='ltr'>Nicomediam,</span> <span class='ocrx_word' id='word_1_80' title='bbox 1074 3702 1286 3776; x_wconf 86' lang='lat' dir='ltr'>hexametris</span> 
     </span>
     <span class='ocr_line' id='line_1_16' title="bbox 277 3844 1286 3948; baseline -0.005 -26"><span class='ocrx_word' id='word_1_81' title='bbox 277 3849 448 3948; x_wconf 89' lang='lat' dir='ltr'>scriptum</span> <span class='ocrx_word' id='word_1_82' title='bbox 464 3846 637 3935; x_wconf 79' lang='lat' dir='ltr'>versibus3</span> <span class='ocrx_word' id='word_1_83' title='bbox 659 3855 694 3920; x_wconf 91' lang='lat' dir='ltr'>et</span> <span class='ocrx_word' id='word_1_84' title='bbox 710 3846 820 3919; x_wconf 87' lang='lat' dir='ltr'>alium</span> <span class='ocrx_word' id='word_1_85' title='bbox 835 3845 984 3931; x_wconf 89' lang='lat' dir='ltr'>librum,</span> <span class='ocrx_word' id='word_1_86' title='bbox 1002 3844 1065 3942; x_wconf 94' lang='lat' dir='ltr'>qui</span> <span class='ocrx_word' id='word_1_87' title='bbox 1081 3844 1286 3918; x_wconf 88' lang='lat' dir='ltr'>inscribitur</span> 
     </span>
     <span class='ocr_line' id='line_1_17' title="bbox 280 3988 1287 4089; baseline -0.005 -22"><span class='ocrx_word' id='word_1_88' title='bbox 280 3995 533 4068; x_wconf 76' lang='lat' dir='ltr'>Grammaticus</span> <span class='ocrx_word' id='word_1_89' title='bbox 540 4027 553 4078; x_wconf 90' lang='lat'><em>;</em></span> <span class='ocrx_word' id='word_1_90' title='bbox 592 3998 628 4064; x_wconf 90' lang='lat' dir='ltr'>et</span> <span class='ocrx_word' id='word_1_91' title='bbox 651 3989 930 4089; x_wconf 75' lang='lat' dir='ltr'>pulcherrimum</span> <span class='ocrx_word' id='word_1_92' title='bbox 962 3988 1006 4061; x_wconf 88' lang='lat' dir='ltr'>de</span> <span class='ocrx_word' id='word_1_93' title='bbox 1030 3988 1097 4061; x_wconf 82' lang='lat' dir='ltr'>Inu</span> <span class='ocrx_word' id='word_1_94' title='bbox 1127 3990 1199 4061; x_wconf 88' lang='lat' dir='ltr'>Dei</span> <span class='ocrx_word' id='word_1_95' title='bbox 1201 4025 1215 4072; x_wconf 89' lang='lat'><em>;</em></span> <span class='ocrx_word' id='word_1_96' title='bbox 1251 3996 1287 4062; x_wconf 85' lang='lat' dir='ltr'>et</span> 
     </span>
     <span class='ocr_line' id='line_1_18' title="bbox 276 4131 1287 4230; baseline -0.004 -18"><span class='ocrx_word' id='word_1_97' title='bbox 276 4136 540 4213; x_wconf 71' lang='lat' dir='ltr'>Institutionum</span> <span class='ocrx_word' id='word_1_98' title='bbox 577 4136 785 4211; x_wconf 78' lang='lat' dir='ltr'>Divinarum</span> <span class='ocrx_word' id='word_1_99' title='bbox 822 4131 987 4208; x_wconf 86' lang='lat' dir='ltr'>adversus</span> <span class='ocrx_word' id='word_1_100' title='bbox 1023 4138 1144 4230; x_wconf 86' lang='lat' dir='ltr'>gentes</span> <span class='ocrx_word' id='word_1_101' title='bbox 1183 4132 1287 4208; x_wconf 73' lang='lat' dir='ltr'>lidron</span> 
     </span>
    </p>
   </div>
   <div class='ocr_carea' id='block_1_6' title="bbox 0 0 1408 5150">
    <p class='ocr_par' dir='ltr' id='par_1_6' title="bbox 0 0 1408 5150">
     <span class='ocr_line' id='line_1_19' title="bbox 0 0 1408 5150; baseline 0 0"><span class='ocrx_word' id='word_1_102' title='bbox 0 0 1408 5150; x_wconf 95' lang='lat' dir='ltr'> </span> 
     </span>
    </p>
   </div>
  </div>
 </body>
</html>
