2792 5150
618 520 663 594 33

136 731 243 805 cantii
268 732 450 806 Fortunati
466 758 555 819 esse,
581 731 788 805 Sirmondus
809 740 927 805 autern
952 731 1136 806 Theoduli.

136 875 255 972 Neque
291 875 375 947 alias
411 875 457 946 ob
494 875 643 948 rationes
681 873 730 946 du
758 873 912 971 Frcsnoy
936 873 1002 946 hoc
1027 874 1137 947 edidit

134 1041 220 1115 opus
247 1018 314 1090 sub
338 1018 456 1090 titulo:
485 1016 636 1104 „incerti
655 1017 805 1089 auctoris
822 1016 976 1090 Phoenix
993 1017 1136 1089 Lactan-

133 1160 179 1232 tio
204 1159 395 1232 tributus.''

178 1300 213 1375 d.
268 1302 409 1374 Carmen
445 1304 486 1374 de
520 1300 696 1372 Pacclctc
721 1299 971 1373 Biinemannus
998 1300 1035 1371 in
1066 1299 1135 1372 edi·

131 1440 227 1514 tione
265 1441 434 1513 Lactantii
465 1466 612 1540 operum
644 1441 755 1514 edidit
784 1441 850 1514 sub
880 1439 1005 1514 titulo:
1044 1440 1135 1528 „Ia-

131 1582 251 1654 ctantii
291 1608 353 1655 seu
378 1584 493 1680 potius
518 1582 681 1656 Venantii
707 1583 857 1658 Honorii
882 1582 1064 1655 Fortunati
1089 1582 1134 1654 ad

130 1721 282 1796 Felicem
306 1724 517 1823 Episcopum
550 1726 593 1798 de
621 1725 786 1798 Pascha.’'
837 1724 942 1815 Quod
971 1749 1042 1796 non
1076 1722 1135 1796 ali-

131 1875 183 1938 ter
207 1867 258 1940 du
282 1867 436 1964 Fresnoy
474 1867 574 1954 lecit,
613 1866 786 1940 Lactantii
824 1866 964 1939 nomine
993 1866 1133 1953 relicto,

132 2009 226 2104 quod
252 2009 460 2083 Thomasius
484 2011 521 2082 in
546 2011 781 2109 Antverpiana
807 2010 958 2082 editione
975 2010 1134 2084 affirmat.

130 2149 255 2248 Neque
279 2151 345 2224 hoc
369 2152 500 2225 mirum
525 2162 595 2240 est,
622 2154 788 2250 quoniam
805 2152 975 2250 reperitur
1000 2152 1035 2224 in
1054 2177 1134 2251 ope·

131 2293 229 2365 ribus
245 2293 353 2391 hujus
380 2293 464 2381 viri,
490 2302 638 2367 testante
663 2294 791 2368 Codice
817 2293 1052 2392 manuscripto
1078 2293 1137 2365 Bi·

130 2434 322 2507 bliothecae
339 2434 538 2521 Vaticanae3
566 2460 671 2532 quam
689 2436 735 2507 ob
754 2460 910 2507 caussam
928 2434 1137 2507 Lambecius

130 2602 310 2676 perperam
341 2578 519 2650 Lactantio
548 2577 654 2650 hocce
679 2576 890 2676 opusculum
916 2577 1136 2675 adscripsisse

131 2721 279 2793 videtur.
316 2722 454 2793 Aenon
481 2720 597 2792 minus
615 2719 660 2792 ob
676 2719 813 2791 interna
837 2727 1042 2815 argumenta
1058 2742 1135 2815 pro-

131 2864 205 2937 bari
216 2873 331 2963 potest
343 2864 403 2937 alii
414 2864 546 2936 auctori
557 2863 596 2936 id
609 2862 837 2935 tribuendum
851 2887 934 2948 esse,
944 2861 1027 2960 quia
1039 2860 1135 2932 haud

132 3001 293 3079 convenit
316 3032 398 3079 cum
423 3006 546 3103 lingua
563 3005 800 3090 Lactantiana,
827 3027 936 3101 eaque
953 3002 1131 3075 rhetorice.

177 3176 206 3224 e.
260 3152 401 3224 Cercina
429 3152 471 3222 de
498 3150 676 3221 Poenicae.
731 3146 807 3219 Non
837 3145 1043 3232 defuerunt,
1070 3145 1135 3242 qui

130 3291 193 3365 hoc
218 3316 357 3365 carmen
374 3290 552 3363 Lactantio
577 3288 777 3374 tribuerint,
800 3286 917 3360 allecti
936 3285 1134 3359 testimonio

62 3539 65 3547 Α
131 3425 339 3531 Hierony'mi
362 3434 535 3520 testantis,
563 3457 645 3505 eum
669 3431 735 3504 arti
754 3430 907 3529 poeticae
933 3454 969 3502 se
986 3429 1132 3502 dedisse.

128 3743 219 3811 podme
237 3738 367 3794 touchant
384 3736 507 3793 l’histoire
525 3736 562 3789 du
581 3733 711 3798 Phoenix,
730 3733 797 3787 dont
813 3732 925 3787 l'euteur
942 3734 1009 3787 n'est
1028 3749 1075 3803 pes
1094 3747 1134 3786 un

128 3846 256 3909 chretien,
275 3844 340 3899 maie
357 3861 396 3899 un
414 3842 506 3916 palen.
526 3840 572 3911 qui
591 3840 673 3894 decrit
687 3839 712 3892 le
728 3838 820 3909 deluge
835 3838 914 3892 d'une
930 3835 1043 3891 muniere
1061 3845 1135 3891 toute

130 3950 251 4021 profane,
283 3958 310 4003 et
337 3948 465 4003 contraire
492 3950 509 4001 a
532 3946 559 4000 la
577 3944 712 3999 nai-ration
731 3945 764 3999 de
783 3944 881 4006 Molee,
902 3942 993 4014 etqui
1012 3941 1083 4013 parle
1102 3941 1135 3995 de

129 4055 264 4118 Phoebus,
280 4070 380 4107 comme
395 4052 420 4107 le
435 4051 631 4106 reconnaissent
644 4067 712 4120 pour
721 4067 758 4102 un
769 4048 846 4102 Dieu.
855 4076 894 4087 -
904 4048 993 4103 Noun.
1006 4046 1073 4126 Bibl.
1085 4054 1134 4100 etc.
1215 4043 1219 4050 ’

130 4178 189 4232 pag.
209 4160 265 4214 208
285 4157 313 4212 in
331 4159 392 4213 fine.

999 4256 1023 4307 5.
