2792 5150
741 506 811 574 loa

268 715 402 788 minem
425 713 679 810 decipiendum
731 713 891 786 Primum
917 713 1102 788 mulierem
1120 715 1281 814 decepit,

269 865 309 928 ut
333 855 480 928 vetitum
505 854 627 928 cibum
652 855 720 928 sibi
744 862 898 928 sumeret
920 864 955 929 et
970 881 1033 955 per
1049 882 1127 930 cam
1142 858 1282 931 homini

268 997 438 1097 persuasit
454 998 570 1094 legem
582 996 835 1070 transcendere.
862 995 918 1069 Sic
931 1007 1114 1095 peccatum
1125 999 1163 1071 in
1177 1025 1283 1072 mun·

269 1138 355 1212 dum
378 1139 473 1211 venit
493 1148 529 1212 et
543 1139 678 1211 homini
695 1137 939 1212 immortalitas
964 1139 1127 1236 adempte
1153 1142 1205 1213 est
1219 1143 1255 1229 ¹).

317 1281 457 1372 Quibus
482 1281 588 1353 rebus
613 1280 795 1378 expositis,
830 1280 866 1351 in
891 1279 1063 1353 Lactantii
1088 1280 1285 1379 Theologie

269 1424 446 1496 cernimus
478 1423 683 1519 religionem
722 1422 954 1497 Christianam
991 1423 1036 1495 ab
1069 1448 1110 1495 eo
1142 1425 1284 1523 exposi-

248 1574 340 1638 tam
367 1590 441 1638 esse
465 1564 570 1638 modo
596 1564 628 1637 ei
652 1564 718 1637 soli
741 1564 930 1663 peculiari,
958 1589 1029 1661 quo
1054 1565 1159 1663 hujus
1185 1592 1284 1664 prae-

271 1707 397 1780 stantia
433 1706 514 1779 satis
550 1706 734 1804 perspicue
770 1707 908 1778 eniteat.
959 1707 1002 1778 In
1031 1732 1071 1779 ea
1100 1732 1284 1781 summum

269 1851 423 1935 bonum,
440 1849 477 1921 in
495 1874 537 1922 ea
554 1848 705 1931 hominis
722 1848 1008 1944 conjunctionem
1026 1873 1109 1921 cum
1127 1850 1203 1921 Deo
1221 1875 1285 1948 po·

270 1992 338 2077 nit;
364 2016 428 2089 per
453 2016 528 2064 eam
556 1991 650 2063 enim
668 2016 786 2063 rerum
804 1990 1010 2063 coelestium
1027 1991 1197 2064 rationem
1216 1992 1285 2064 rite
1382 2064 1383 2067 ,

269 2133 512 2231 cognoscimus
537 2142 572 2206 et
595 2134 636 2206 ad
660 2133 863 2205 fruitionem
877 2133 943 2205 Dei
957 2133 1126 2206 venimus.
1154 2133 1285 2230 Neque

269 2273 307 2345 in
337 2299 376 2346 ea
406 2283 542 2347 tantum
573 2298 691 2346 merus
723 2273 841 2347 cultus
871 2282 1053 2359 externus,
1087 2274 1284 2371 profundae
1382 2248 1383 2293 ³

271 2415 530 2512 significationis
554 2440 693 2513 expem,
720 2416 929 2512 requiritur;
956 2417 1017 2489 sed
1042 2416 1283 2490 Christianum
1382 2408 1383 2463 i

270 2565 415 2655 oportet
431 2557 519 2630 scire
539 2567 574 2630 et
591 2557 720 2630 sentire
745 2557 834 2655 quid
860 2557 893 2630 ei
918 2557 1107 2631 colendum
1131 2557 1187 2632 sit.
1224 2559 1283 2632 Ad
1382 2627 1383 2652 ἶ

271 2708 393 2774 verum
426 2700 537 2796 igitur
566 2698 703 2772 cultum
730 2723 883 2795 eumque
918 2700 1118 2772 interiorem
1144 2699 1283 2773 fortiter
1382 2703 1383 2734 ³

271 2842 472 2914 Lactantius
491 2841 628 2926 incitat,
654 2864 727 2937 quo
752 2841 858 2913 homo
877 2841 944 2913 sibi
962 2840 1120 2914 conscius
1137 2842 1178 2913 fit
1196 2866 1282 2914 snae

271 3009 353 3057 cum
394 2984 556 3057 Creatore
597 2983 880 3069 necessitudinis
910 2983 956 3056 ad
997 3009 1104 3080 qnam
1141 3008 1282 3057 summa

270 3127 379 3202 animi
399 3126 533 3225 puritas
557 3150 726 3223 perquam
751 3126 941 3200 necessaria
957 3135 1019 3199 est.
1063 3126 1179 3217 Quare
1196 3127 1282 3200 satis

269 3270 451 3368 perspicue
467 3279 578 3368 patet,
591 3270 797 3367 religionem
813 3270 1060 3357 Christianam,
1076 3270 1194 3367 judice
1211 3272 1281 3343 Ia-

270 3413 420 3499 ctantio,
448 3438 518 3486 non
543 3422 703 3487 constare
727 3414 877 3487 exter'nis
900 3413 1057 3486 moribus
1073 3438 1114 3485 ac
1131 3436 1280 3486 consue-

271 3557 394 3630 tudine
410 3565 565 3642 tantum,
591 3581 713 3630 verum
740 3556 948 3629 econtrario
970 3564 1085 3628 totum
1100 3554 1281 3628 hominem

270 3699 450 3771 internum
471 3697 644 3797 amplecti.
688 3697 862 3770 Homines
887 3696 1048 3794 singulos·
1069 3697 1148 3771 ideo
1170 3697 1216 3769 ad
1233 3697 1281 3768 vi·

270 3852 341 3917 tam
362 3841 531 3915 moralem
551 3842 711 3940 quidem,
728 3841 790 3914 sed
804 3865 881 3914 earn
897 3841 1087 3926 internam,
1106 3839 1280 3913 adducere
1382 3837 1383 3840 ’

310 4156 332 4223 1)
353 4159 413 4216 Div.
433 4160 497 4213 lust.
518 4159 562 4213 111).
583 4159 617 4213 11.
637 4176 695 4231 cap.
716 4159 764 4220 12ς
785 4158 833 4213 Vl.
859 4159 906 4216 13.
938 4210 942 4216 ,
