2792 5150
725 506 770 569 tlt)

244 710 323 800 Qua
356 736 393 783 re
423 711 533 807 igitur
565 710 711 782 minime
747 710 925 807 neglecta,
952 710 1158 783 Franciscus
1185 708 1257 778 Pe-

243 853 377 924 trarcha
417 853 511 924 haud
553 852 628 924 sine
666 853 841 948 aequitate
877 854 921 926 de
957 877 998 925 eo
1024 852 1111 924 dixit
1143 851 1255 924 haec:

245 995 473 1080 ‚,Lactantius
504 994 701 1067 Firmianus
727 1007 762 1066 et
789 996 864 1092 ipsc
894 1020 1041 1091 magnus
1070 996 1123 1067 vir
1148 997 1184 1067 in
1210 1019 1256 1066 eo

241 1126 351 1221 libio,
379 1160 467 1232 quo,
494 1133 691 1207 Gentilium
717 1136 892 1208 erroribus
918 1137 1120 1222 exarmatis,
1143 1136 1255 1208 fidem

241 1287 408 1364 nostram,
427 1286 600 1373 quantum
613 1278 742 1374 quivit,
761 1280 921 1365 armavit,
939 1303 1150 1376 omnemque
1162 1277 1256 1350 hanc

241 1420 399 1494 Deorum
431 1446 570 1493 scenam
607 1421 694 1492 mira
720 1431 754 1493 et
780 1422 951 1495 laudabili
976 1423 1174 1495 curiositate
1195 1421 1257 1492 de-

241 1565 347 1649 texit,
376 1565 484 1660 inque
511 1564 575 1636 hoo
599 1563 694 1636 idem
720 1589 807 1660 opus
833 1565 1033 1660 Augustino
1053 1573 1158 1660 atque
1174 1561 1256 1635 aliis

240 1706 446 1803 sequacibus
472 1706 563 1778 viam
581 1707 685 1779 lecit''
704 1710 735 1797 ¹).
762 1707 887 1805 Neque
912 1707 1125 1779 Trithemius
1151 1707 1255 1779 dubi·

239 1849 324 1921 tavit
353 1850 577 1922 Lactantium
602 1875 724 1922 vocare
757 1851 880 1922 virum
898 1850 1089 1923 saeculares
1114 1849 1253 1922 litteras

239 1992 462 2065 abundanter
487 1991 630 2064 doctum
657 2001 692 2064 ct
721 1992 849 2064 divinis
879 1993 1059 2090 scripturis
1084 1992 1253 2065 nobiliter

239 2136 441 2208 institutum
454 2136 489 2225 ²).
528 2134 644 2225 Quam
673 2134 720 2207 ob
745 2159 903 2207 caussam
928 2136 1022 2207 haud
1047 2134 1150 2234 panci
1167 2135 1251 2207 scri·

237 2289 352 2376 ptores
385 2279 521 2375 antiqui
554 2302 625 2349 non
649 2278 828 2350 immerito
854 2303 935 2350 eum
962 2278 1052 2351 inter
1078 2279 1251 2351 maximos

238 2420 430 2518 Religionis
459 2444 557 2492 verae
582 2429 857 2517 propugnatores
878 2431 983 2517 atque
1009 2421 1100 2492 inter
1124 2444 1250 2492 nume·

235 2589 315 2637 rum
340 2562 600 2660 Theologorum
622 2561 804 2634 ecclesiam
829 2561 1061 2635 Christianam
1079 2588 1250 2634 exornan-

235 2709 324 2780 tium
351 2706 567 2778 ordinarunt.

237 2886 425 2898 ..-.--.---

272 2986 295 3051 ¹)
315 2988 386 3042 Vide
404 2985 450 3042 lib.
471 2986 496 3039 Il
517 2986 549 3038 de
568 2983 632 3039 Otio
652 2982 851 3055 Religiosorum.

274 3087 298 3154 ἲ)
318 3090 481 3161 „Firmianus
510 3089 663 3143 Lactantius
691 3088 804 3144 Arnobii
830 3088 951 3143 Rhetoris
969 3090 1104 3159 quondam
1123 3090 1246 3155 auditor,

234 3207 314 3268 atque
330 3194 535 3266 discipulus,vi1·
549 3193 577 3246 in
591 3192 751 3247 secularibus
762 3192 854 3247 litteris
869 3191 1035 3254 abundanter
1049 3195 1153 3257 doctus,
1168 3195 1248 3250 Diui·

234 3301 274 3355 uis
288 3298 428 3370 scripturis
437 3297 560 3352 nobiliter
568 3296 705 3352 institutus
718 3297 784 3351 etc.''
804 3298 1009 3353 lateamus:
1020 3299 1054 3352 dc
1066 3299 1161 3370 Seript.
1173 3300 1248 3356 Eccl.
