2792 5150
736 537 784 606 80

300 743 501 821 lactantius
522 771 604 822 sane
625 746 670 819 ab
694 745 799 818 hacce
825 755 937 832 secta,
964 745 1083 842 quoad
1105 724 1185 843 ejus
1203 771 1269 818 no

251 887 364 961 tiones
395 890 570 988 proprias,
603 896 784 986 tantopere
816 887 994 974 dissentit,
1024 896 1065 961 ut
1088 888 1165 974 rix,
1187 888 1267 961 imo

251 1029 351 1102 nullo
376 1031 481 1103 modo
505 1030 576 1105 dici
598 1029 709 1129 possit
728 1028 901 1126 ejusmodi
917 1030 1098 1127 opiniones
1116 1030 1161 1103 de
1179 1030 1265 1103 reli·

250 1172 354 1268 gione
366 1171 547 1270 amplexus
563 1171 680 1245 fuisse.
708 1170 830 1262 Quid?
843 1169 940 1269 quod
952 1171 1046 1269 apud
1060 1172 1266 1246 Beausobre

249 1312 340 1385 inter
356 1336 415 1386 eos
428 1312 591 1386 ecclesiae
605 1312 799 1409 primaevae
811 1310 995 1409 scriptores
1009 1321 1181 1399 censetur,
1197 1313 1267 1410 qni

249 1452 461 1526 creationem
493 1451 620 1525 mundi
648 1476 689 1524 ex
715 1451 825 1523 nihilo
850 1450 1095 1543 docuerunt‘).
1142 1455 1267 1552 Atque

251 1588 338 1667 dum
351 1593 547 1666 Manichaei
566 1593 805 1666 aeternitatem
823 1576 987 1665 materiae
1003 1603 1182 1681 asserunt,
1200 1594 1268 1667 ille

251 1743 373 1808 contra
385 1733 548 1807 distincte
560 1732 820 1830 arguit‚Deum
828 1732 897 1804 sibi
907 1733 1087 1806 materiam
1097 1733 1265 1826 fecisse¹).

251 1876 411 1949 Profecto
428 1876 526 1949 Deus
543 1885 706 1948 aeternus
723 1883 793 1960 est,
810 1859 910 1971 isque
928 1874 1023 1947 solus
1040 1900 1112 1948 non
1129 1875 1266 1964 factus,

250 2020 313 2116 qui
335 2019 396 2092 est
424 2019 585 2117 princeps
611 2027 646 2090 et
670 2018 769 2114 origo
794 2026 931 2103 rerum3
958 2017 1090 2114 quibus
1114 2017 1267 2115 aliisque

252 2161 358 2235 rebus
383 2170 504 2235 auctor
529 2184 602 2234 sese
627 2158 805 2232 doctrinae
829 2158 982 2231 duorum
1006 2160 1267 2259 principiorum

252 2300 972 2399 aeternorumdoctrinaecerteopposuit⁸).
985 2301 1082 2374 Dum
1094 2302 1267 2401 illiplane

307 2495 445 2504 ..nn-mn·-

293 2604 314 2670 ¹)
336 2605 506 2676 „Lactantius
535 2605 556 2658 is
583 2605 713 2659 reckonerl
741 2604 778 2675 by
807 2604 956 2658 Beausobrs
983 2623 1080 2675 among
1098 2606 1174 2660 those
1194 2606 1267 2679 early

252 2710 385 2768 Christian
401 2708 513 2768 writers.
533 2707 594 2762 who
611 2707 707 2779 taught
725 2708 840 2761 maon
850 2709 1081 2781 outofnothing.’‘
1102 2712 1265 2766 caman:

252 2816 330 2870 Cred.
350 2813 382 2868 of
396 2814 442 2869 the
461 2813 545 2884 Gosp.
565 2812 625 2866 hist.
646 2830 707 2883 pag.
726 2812 781 2871 275
801 2811 828 2865 in
848 2820 904 2866 not.
923 2812 976 2867 vol.
994 2812 1029 2867 11.

291 2914 315 2981 ²)
335 2921 426 2988 „Deus
448 2935 509 2972 vero
529 2917 591 2971 facit
610 2916 659 2971 sibi
677 2916 733 2985 ipse
751 2916 902 2979 materiam,
931 2917 994 2987 quia
1014 2926 1108 2987 potest.
1127 2947 1165 2957 —
1192 2919 1267 2979 Quid

252 3042 314 3079 vero
330 3024 438 3088 ruham,
459 3024 494 3088 si,
515 3021 632 3076 facturus
650 3020 794 3083 mundum,
809 3021 893 3084 Deus,
908 3021 980 3091 prius
998 3022 1145 3085 materiam,
1164 3024 1198 3078 de
1212 3043 1268 3096 qua

252 3129 360 3194 faceret,
381 3127 559 3200 praeparavit,
578 3133 606 3180 et
624 3125 790 3196 praeparavit
807 3141 840 3179 ex
853 3141 897 3189 eo,
917 3126 990 3195 quod
1008 3144 1062 3180 non
1081 3129 1162 3183 erat.’'
1199 3128 1267 3184 lust.

253 3234 298 3288 lib.
318 3234 353 3287 ll.
373 3252 396 3288 c.
417 3234 443 3289 8.
482 3231 611 3301 „Materia
635 3249 697 3286 vero
716 3248 818 3301 semper
834 3228 912 3284 fuisse
930 3247 985 3284 nou
1006 3242 1105 3301 potest,
1124 3234 1188 3303 quia
1206 3251 1266 3287 mu-

252 3339 378 3392 tationem
399 3345 515 3407 caperet‚
536 3336 557 3389 si
576 3335 668 3390 fuisset
687 3336 754 3389 etc.”
792 3334 901 3388 Ibidem.
923 3360 956 3371 -
981 3336 1047 3403 „He
1066 3335 1201 3407 disproves
1219 3338 1266 3391 the

253 3443 412 3514 eternityof
428 3449 522 3496 matter
541 3440 604 3495 with
624 3457 640 3493 a
658 3441 728 3511 good
747 3438 804 3493 deal
824 3439 856 3492 of
871 3440 1056 3511 metaphysica]
1067 3439 1188 3513 subtilty;
1210 3444 1265 3497 aud

253 3563 361 3618 expones
389 3546 434 3601 the
462 3545 604 3600 ridiculous
632 3544 768 3615 absurdity
787 3544 820 3599 of
834 3543 880 3598 the
899 3544 1045 3615 Epicurean
1073 3545 1175 3617 theory.
1215 3547 1265 3600 La·

253 3653 368 3706 stantius
388 3650 494 3704 himself
510 3667 620 3721 appears
638 3661 667 3703 to
686 3648 807 3702 consider
825 3648 870 3702 the
892 3647 1021 3702 existence
1040 3648 1073 3702 os
1087 3648 1138 3703 evil
1158 3669 1187 3704 aa
1205 3661 1266 3720 part

253 3756 285 3810 of
309 3757 355 3810 the
384 3753 494 3826 original
523 3752 613 3823 design
643 3751 675 3806 of
690 3752 752 3805 God
780 3750 807 3805 in
835 3750 881 3805 the
905 3751 1034 3814 creation;
1061 3753 1115 3806 and
1135 3752 1175 3806 his
1194 3754 1265 3807 loose

253 3878 362 3914 manner
390 3859 421 3913 of
437 3858 587 3929 expressiug
606 3855 713 3910 himself
726 3873 761 3909 on
781 3854 834 3909 this
852 3855 929 3925 point
947 3855 994 3909 has
1013 3856 1079 3910 been
1097 3857 1142 3912 the
1159 3859 1264 3927 ground

253 3965 285 4020 of
299 3965 344 4019 the
363 3973 432 4018 most
451 3962 563 4034 weighty
579 3961 686 4033 charges
699 3961 803 4032 against
815 3959 855 4014 his
870 3961 1045 4032 orthodoxy.”
1071 3962 1265 4017 Mouurmrr’s

253 4072 392 4140 Summary
411 4067 444 4122 of
459 4067 504 4122 the
523 4066 650 4137 Writings
669 4065 702 4118 of
718 4066 791 4119 Lact.
811 4082 871 4136 pag.
896 4065 938 4125 17.
958 4065 985 4119 in
1005 4066 1100 4121 medio.

291 4170 315 4237 ³)
335 4174 405 4229 Vide
423 4171 469 4227 lib.
488 4172 520 4226 de
539 4171 581 4225 lra
600 4170 651 4225 Dei
671 4186 730 4240 cap.
753 4170 802 4233 ll;
821 4176 849 4224 et
865 4168 911 4224 lib.
930 4170 965 4224 11.
984 4187 1042 4241 cap.
1062 4171 1080 4224 8
1099 4169 1145 4224 ubi
1164 4171 1213 4224 hae
1230 4172 1265 4224 de
