2792 5150
1089 560 1127 604 IX

154 751 291 823 apparatu
312 746 450 805 recensuit
470 753 498 805 et
519 748 593 806 notis
614 746 716 805 criticis
739 746 935 823 uberrimaque
949 764 1022 804 novo
1036 743 1128 803 iudice

154 869 304 928 latinitatis
331 869 479 940 instruxit,
500 870 625 947 Lipsiae,
650 869 784 948 impensis
815 872 887 928 Sam.
909 869 1035 927 Benium.
1055 867 1128 925 wal-

153 993 232 1051 theri.
257 993 351 1062 1739,
377 993 406 1051 in
429 994 463 1053 8⁰.
486 994 539 1053 vol.
560 994 600 1052 ΙΙ.

114 1115 267 1174 Nscocuus
293 1131 426 1176 cunensi
453 1133 629 1176 uuusasuor
656 1116 692 1175 ad
720 1117 821 1176 LXXX
850 1122 879 1174 et
906 1116 1026 1193 amplius
1047 1116 1127 1174 MSS.

156 1237 282 1309 codices,
311 1239 457 1318 editosque
489 1240 547 1300 XL.
581 1241 681 1299 collatu
712 1248 740 1298 et
769 1238 914 1298 emendata
942 1245 1025 1317 utque
1053 1239 1127 1297 notis

154 1363 332 1423 uberioribus
351 1365 503 1432 illustrata,
524 1366 568 1423 cui
590 1364 713 1424 editione
735 1385 846 1424 manum
867 1365 985 1442 primam
1000 1363 1128 1422 adhibuit

155 1504 221 1546 son.
242 1504 383 1546 afflIs‘rs
403 1505 440 1547 nu
460 1505 550 1559 nucu,
572 1488 823 1563 Rothomagensis‚
843 1488 945 1546 additis
959 1488 1129 1565 praefatione

156 1611 186 1670 in
206 1613 397 1682 haluntium,
418 1611 477 1686 ejus
498 1613 567 1682 vita,
589 1619 617 1669 et
637 1611 769 1688 Synthesi
788 1610 929 1670 doctrinae
942 1610 1079 1670 Lactantii
1094 1630 1129 1669 ex

157 1736 264 1794 Servati
286 1737 392 1795 Gulluei
413 1737 535 1796 editione
541 1763 549 1808 ;
570 1737 614 1797 ed.
633 1737 763 1796 Lutetiae
779 1736 961 1805 Parisiorum,
977 1734 1052 1813 apud
1065 1735 1128 1794 Joh.

157 1858 193 1916 de
217 1860 305 1929 Bure,
334 1860 533 1938 Bibliopolam,
561 1860 596 1918 ad
617 1861 719 1939 Ripam
740 1860 1008 1937 Augustiniensium.
1032 1858 1123 1927 1748,

157 1982 382 2043 mdmss
485 2012 487 2016 v

116 2107 234 2165 decretae
254 2107 403 2182 Repentina
423 2106 458 2164 ud
480 2107 599 2184 optimas
620 2106 757 2166 editiones
777 2107 890 2177 collata,
911 2106 1064 2183 praemissa
1082 2127 1130 2164 no·

157 2229 219 2288 titia
245 2229 377 2287 litteraris
404 2228 438 2286 de
465 2228 624 2301 Lactantio,
646 2229 734 2288 edidit
754 2230 869 2306 Bicunti
888 2249 924 2288 ex
946 2228 1130 2307 typographia

158 2353 309 2411 Societatis.
332 2354 423 2423 1786,
444 2354 473 2411 in
496 2353 532 2412 8⁰.
552 2354 606 2413 vol.
626 2353 665 2412 ΙΙ.
686 2353 784 2429 (editio
804 2357 950 2425 accurata.)

119 2476 376 2535 O.r.aa1uzscuu
401 2477 438 2534 ed
465 2478 635 2554 optimorum
662 2478 799 2536 librorum
819 2477 901 2536 fidem
924 2477 1081 2536 emendavit
1103 2485 1131 2535 et

158 2619 222 2658 cum
242 2599 343 2658 selecta
363 2601 512 2660 lectionum
534 2601 665 2660 verietate
680 2601 769 2660 edidit
784 2603 811 2660 in
827 2602 1002 2660 Bibliotheca
1015 2601 1128 2659 Patrurn

158 2724 232 2784 Eccl.
253 2725 402 2784 latinorum
423 2727 539 2796 selectu,
561 2733 674 2786 curante
694 2744 721 2785 a.
742 2745 768 2786 u.
791 2744 957 2795 ennecone,
979 2727 1007 2784 in
1023 2726 1075 2784 vol.
1089 2726 1129 2795 X,

158 2848 233 2926 Lips.
256 2850 348 2917 lacu,
369 2848 446 2926 apud
466 2850 619 2908 Tauchnitn
638 2850 704 2909 Juu.

160 3030 243 3089 Hisce
272 3031 401 3090 omnibus
427 3032 564 3092 accedunt
588 3032 727 3112 quaedam
753 3053 836 3111 opera
860 3031 986 3107 ejusdem
1006 3033 1131 3091 auctoris

120 3155 274 3232 uinculatim
294 3156 366 3213 edita
386 3156 502 3215 haecce:

120 3326 199 3384 Liber
230 3325 262 3383 de
288 3326 422 3385 Montibus
448 3328 649 3387 Persecutorum
676 3328 763 3385 Lucio
791 3326 888 3385 Coelio
915 3327 1057 3385 Firminus
1078 3329 1131 3385 La·

158 3449 263 3507 ctantio
290 3448 461 3527 adscriptus,
489 3449 524 3507 ad
551 3450 743 3530 colbertinum
772 3450 902 3508 Codicum
924 3449 1017 3508 denuo
1038 3470 1131 3508 emen·

158 3571 257 3640 dutus,
278 3591 339 3630 cum
361 3570 552 3631 dissertatione
573 3571 607 3631 de
628 3573 710 3649 bajus
730 3573 793 3631 libri
815 3579 929 3631 auctore
950 3580 976 3631 et
998 3575 1128 3632 omnibus

158 3696 233 3754 illius
260 3696 328 3754 locis
352 3698 460 3767 dubiis,
491 3697 663 3766 difficilibus,
696 3698 820 3758 obscuris
849 3705 877 3755 et
906 3698 988 3756 variis
1009 3698 1130 3756 unctoria

159 3819 337 3897 opinionibus
358 3822 534 3891 examinatis,
564 3822 710 3898 explicatis
730 3828 812 3900 atque
834 3822 992 3890 illustratis,
1014 3829 1130 3880 auctore

159 3960 187 4001 u.
207 3960 336 4003 ulconlo
356 3961 393 4003 aa
414 3961 539 4005 nouauit.
566 3946 694 4016 Parisiis,
716 3945 791 4023 apud
807 3947 942 4003 loannem
956 3945 1129 4021 Baptismam

160 4067 316 4145 Delespine.
340 4070 429 4137 1710,
451 4068 481 4127 in
503 4069 538 4127 8⁰.
559 4069 612 4127 vol.
633 4070 656 4127 Ι.

123 4192 240 4267 17ρί10119
267 4194 467 4254 Institutionum
489 4194 651 4254 Divinarum
672 4214 706 4253 cx
727 4193 919 4272 antiquissimo
939 4158 1129 4253 Bibliothecae
