2792 5150
234 548 299 596 VIII

233 759 317 803 enom
348 736 456 798 licncce
486 733 590 798 nobem
613 731 798 817 relinquere,
822 744 855 796 nt
877 733 910 794 in
934 731 1053 796 metiore
1076 731 1150 796 coeii
1172 741 1246 795 tom·

230 875 315 961 pcm‘c
337 872 390 936 hoc
413 869 614 958 quonamque
637 871 787 954 specimen
812 868 964 958 chsotoerc
985 887 1112 955 possem.

282 1010 401 1075 ant
422 1018 496 1074 certe
520 1010 574 1072 ahs
596 982 767 1092 ee'pocnm
795 1005 927 1070 cinnum
951 1005 1115 1082 videbitur,
1139 1026 1246 1089 copno·

232 1171 311 1215 scere
337 1149 440 1235 fontes
476 1170 495 1210 o
530 1168 576 1210 mc
608 1144 662 1209 hoc
689 1147 723 1208 in
747 1166 837 1231 opere
859 1143 1012 1208 conitendo
1037 1142 1186 1207 adhibitos
1210 1164 1246 1204 oc

233 1285 325 1351 molto
356 1307 423 1348 com
452 1283 553 1348 lohere
580 1306 595 1348 e
622 1280 808 1360 Germania,
830 1279 1076 1346 Franco-Gallio
1104 1290 1131 1344 et
1155 1280 1245 1344 Brit·

234 1424 339 1488 tonnio
369 1423 511 1487 collectos.
560 1420 679 1485 Eorum
706 1422 843 1506 plerique
867 1443 882 1484 e
906 1421 978 1484 iocis
1002 1422 1101 1484 citatio
1126 1421 1247 1482 omnino

235 1561 441 1645 cpporchnnt;
458 1571 580 1645 praeter
602 1582 676 1645 qnos
701 1568 798 1623 cotem
822 1559 878 1622 otii
900 1568 970 1621 eant
989 1559 1070 1643 iique
1091 1556 1175 1620 hond
1189 1557 1246 1619 mi-

236 1699 320 1762 noris
350 1698 507 1773 momenti,
530 1656 584 1760 'ad
612 1719 685 1783 qnos
715 1697 818 1761 corios
846 1698 882 1760 ob
907 1717 1027 1760 caussae
1056 1696 1164 1758 diserte
1187 1717 1248 1757 non

237 1835 341 1899 cincti.
392 1833 494 1914 Quom
522 1857 623 1900 corum
636 1878 641 1885 ι
655 1836 789 1899 omniurn
813 1835 941 1899 indicem
966 1833 1014 1897 hic
1038 1835 1148 1897 addere
1172 1833 1249 1894 milii

238 1973 340 2050 liceat,
372 1994 408 2036 ne
437 1995 546 2057 mapno
571 1994 673 2036 eornm
697 1973 944 2037 inveniendorum
967 1981 995 2036 et
1016 1970 1248 2056 collspendornm

238 2109 328 2175 moles
351 2111 504 2173 incumbat
517 2110 628 2193 ficturo
653 2111 689 2175 de
717 2109 874 2174 Lactantio
901 2109 1054 2195 scriptori.
1103 2107 1179 2171 Sunt
1202 2107 1251 2171 ilii

235 2248 331 2328 fontes
362 2248 478 2332 partim
507 2247 674 2332 primarii,
702 2246 820 2331 partim
848 2247 1020 2310 secundarii
1025 2270 1036 2321 ,·
1065 2248 1107 2310 od
1128 2246 1249 2332 priores

238 2386 351 2469 rnen
379 2396 506 2469 possent
536 2385 622 2470 ipsae
649 2384 803 2448 Lactantii
830 2386 988 2459 admocum
1016 2407 1092 2470 qnos
1114 2407 1249 2471 operum

240 2522 382 2589 omnium
406 2535 586 2589 meaverunt
609 2523 671 2587 oiri
694 2524 790 2588 docti:

238 2807 283 2865 Jo.
304 2821 450 2864 ononoms
469 2820 621 2864 wasemes
640 2804 781 2862 recensuit
801 2810 829 2862 et
846 2804 949 2863 criticis
963 2806 1167 2864 commentariis
1181 2825 1249 2864 oum

281 2928 400 2988 eliorum
427 2934 488 2988 tum
515 2928 573 2987 suis
600 2927 766 2998 illustrarit,
796 2926 892 2987 addita
911 2929 1029 2988 diotrim
1048 2928 1083 2988 de
1104 2930 1248 2988 Lactantio

282 3048 396 3126 ejusque
418 3048 498 3119 stilo,
527 3047 653 3125 Lipsiae,
674 3068 709 3106 ex
729 3048 839 3108 officior
859 3049 1099 3109 Weidmanniana.
1124 3049 1198 3109 1735
1220 3050 1249 3109 in

283 3172 318 3232 8⁰.
339 3173 393 3231 vol.
412 3171 436 3233 Ι.

242 3297 420 3356 Gnarsrorn.
440 3314 507 3357 nnc.
528 3315 710 3358 nannenus
731 3298 888 3357 emendavit
907 3306 936 3357 et
955 3299 1121 3370 illustravit,
1135 3299 1249 3375 adjectis

281 3421 508 3481 annotationibus
527 3423 630 3482 criticis
649 3424 735 3482 Mieh.
755 3423 896 3483 Thomnsii
911 3430 939 3483 et
952 3424 1109 3501 christoph.
1124 3424 1251 3494 Cellarii,

282 3565 345 3605 oum
365 3545 536 3623 praefatione
556 3546 632 3605 lectu
652 3545 752 3623 digna,
773 3547 935 3623 Gottingae,
955 3546 1031 3625 apud
1046 3547 1147 3607 Christ.
1165 3549 1250 3608 Henr.

282 3668 428 3728 Cononem
450 3668 543 3738 1736,
564 3669 594 3727 in
616 3668 652 3729 8⁰.
674 3670 728 3729 vol.
748 3670 771 3730 L

240 3792 284 3851 Jo.
311 3807 456 3851 nunotrn.
482 3797 644 3852 niahomon
672 3811 737 3851 cnm
763 3792 838 3851 notis
864 3793 981 3870 integn‘s
1006 3792 1070 3852 Chr.
1091 3793 1203 3853 Gellarii
1223 3801 1251 3852 et

280 3917 389 3975 selectis
415 3922 465 3974 ant
490 3917 627 3994 excerptis
658 3918 782 3987 Erasmi,
811 3917 947 3987 Betuleii,
981 3918 1065 3977 Mioh.
1092 3918 1249 3988 Thomasii,

282 4039 354 4119 Isaei
374 4039 529 4109 Buohneri,
559 4041 679 4111 Gallaei‚
699 4041 824 4118 Spnrkfi,
845 4041 977 4112 witoni,
999 4042 1174 4112 Heumanni,
1196 4043 1251 4101 Ba·

284 4163 363 4235 lucii,
384 4163 493 4236 Nonii,
513 4164 548 4224 N.
572 4165 680 4225 Heinsii
701 4166 875 4244 aliorumque
896 4187 928 4225 ex
951 4165 1249 4225 marmonstier.
