2792 5150
611 518 654 589 85

109 727 279 802 oriretur
307 727 475 828 Spiritum
493 732 638 827 pennit,
668 753 775 826 quem
802 726 934 801 Filium
958 749 1136 822 nuncupa·

110 870 172 943 vit
184 871 233 960 ²);
257 871 352 963 idem
379 897 400 944 a
425 872 596 971 principio
617 871 730 945 Filius
750 871 818 944 Dei
836 870 955 959 erat’).
999 868 1134 959 Quodsi

110 1010 191 1084 hoo
218 1012 485 1110 ambiguitatem
509 1038 581 1086 non
606 1012 710 1112 plane
735 1012 852 1099 tollat,
882 1011 1028 1084 elatiora
1052 1018 1136 1083 sunt

112 1154 253 1242 verba,
280 1180 370 1252 quae
394 1163 608 1253 sequuntur;
638 1156 763 1242 „Deus
778 1153 815 1227 in
832 1153 1023 1252 principio,
1042 1161 1135 1226 ante·

114 1322 237 1394 quam
270 1298 444 1372 mundum
476 1298 685 1384 instituerit,
724 1300 766 1370 de
798 1299 1019 1370 aeternitatis
1051 1321 1136 1368 anae

112 1444 226 1527 fonte
255 1439 368 1538 deque
395 1440 514 1513 divino
543 1465 582 1513 ao
607 1439 754 1538 perenni
778 1437 909 1537 Spiritu
935 1461 999 1509 suo
1021 1436 1136 1510 filium

118 1583 198 1656 sibi
231 1582 305 1685 ipse
329 1585 517 1681 progenuit
548 1583 810 1680 incorruptum,
835 1580 991 1667 fidelem,
1014 1579 1137 1653 virtuti

119 1749 167 1798 ao
199 1726 371 1823 majestati
407 1727 538 1825 patriae
572 1708 841 1824 respondentem
853 1724 886 1813 ⁸).
940 1723 995 1796 Sic
1030 1722 1135 1796 etiam

120 1865 377 1964 aequalitatem
389 1867 464 1965 ejus
476 1892 558 1940 eum
571 1867 673 1941 Patre
686 1874 808 1939 auctor
821 1865 1055 1951 demonstrat,
1073 1863 1137 1936 ubi

124 2033 217 2084 eum
244 2008 382 2082 disertis
399 2009 513 2082 verbis
529 2011 641 2083 Deum
652 2012 676 2099 ⁴)
697 2008 805 2106 idque
822 2007 967 2125 Summo
984 2007 1078 2080 Patri
1093 2009 1138 2079 ai·

125 2156 242 2227 milen
255 2153 278 2243 ⁸)
296 2151 501 2251 appellabat.
528 2155 597 2240 Ae,
614 2152 710 2250 quod
726 2151 838 2249 magis
851 2152 925 2249 ejus
938 2149 1138 2249 opinionem

126 2297 198 2369 hao
224 2297 267 2370 de
290 2318 328 2367 re
353 2294 520 2382 illustrat,
542 2295 673 2368 Filium
697 2295 805 2367 unius
829 2317 901 2366 esse
926 2290 1138 2365 substantiae

128 2463 218 2512 oum
242 2438 343 2511 Patre
366 2434 575 2536 praedicavit
586 2435 621 2525 ⁶).
665 2434 791 2521 Porro,
815 2432 893 2506 aliis
918 2431 1032 2505 verbis
1053 2455 1139 2503 usus

130 2591 203 2668 est,
230 2606 249 2654 e
274 2581 403 2679 quibus
419 2587 514 2679 patet
532 2603 614 2652 eum
636 2576 750 2650 multo
770 2576 881 2674 magis
898 2600 979 2649 eum
997 2572 1140 2648 ecelesia

128 2725 269 2811 faeere,
307 2748 415 2821 quam
451 2746 533 2795 oum
570 2720 632 2807 iis,
670 2720 733 2818 qui
765 2720 810 2792 ab
840 2743 880 2791 ea
909 2717 1138 2792 desciverunt.

136 2897 333 2913 Μ

175 3006 197 3081 ¹)
216 3012 286 3069 Vide
304 3013 369 3069 Inst.
389 3011 449 3067 Div.
468 3011 514 3067 lib.
533 3011 582 3066 IV.
602 3028 660 3082 esp.
680 3012 698 3065 6
717 3010 775 3067 init.

173 3113 198 3183 ⁹)
217 3118 287 3173 Vide
305 3118 370 3173 inst.
389 3117 406 3172 1.
425 3117 476 3171 1v.
495 3133 552 3187 cap.
573 3117 590 3170 8
609 3115 667 3170 init.

174 3220 199 3287 ³)
219 3224 290 3296 Epit.
310 3241 368 3294 eap.
388 3225 424 3277 42
443 3221 500 3277 init.

174 3324 200 3391 ⁴)
219 3329 288 3383 vno
308 3329 371 3383 ne.
391 3328 436 3384 na.
453 3328 502 3382 iv.
522 3343 579 3396 up.
599 3327 646 3389 13,
666 3324 712 3379 uu
731 3305 790 3379 eim
811 3323 906 3379 daem
923 3322 1039 3394 appellat
1056 3324 1141 3377 oa..

134 3443 164 3491 et
187 3433 333 3496 hominem,
362 3432 458 3487 additis
482 3448 550 3503 quae
578 3429 674 3486 eloois
693 3447 709 3484 a
727 3428 861 3500 prophetis
883 3429 969 3483 citans
984 3429 1071 3492 affert,
1095 3428 1141 3482 ubi

135 3541 174 3596 iili
189 3539 321 3595 Christum
341 3540 426 3593 Deum
444 3554 512 3600 ome,
537 3537 679 3591 seeundum
698 3534 812 3591 auctoris
831 3534 996 3605 opinionem,
1015 3541 1141 3587 tentamu-

135 3655 188 3700 tur.
207 3643 278 3697 Vide
296 3650 323 3697 et
340 3642 385 3696 lib.
395 3642 457 3697 Vll.
474 3658 531 3712 cap.
542 3640 575 3694 19
587 3640 640 3695 iere
648 3640 677 3694 in
687 3640 788 3700 medio;
799 3638 871 3710 Epit.
881 3656 939 3708 cap.
950 3642 995 3692 43.
1025 3637 1141 3705 „idcireo

135 3749 216 3822 igitur
243 3765 326 3819 quum
353 3749 427 3802 Deua
449 3754 529 3810 esset,
549 3745 663 3815 suscepit
681 3745 811 3799 earnem.’'
838 3742 1007 3798 Inst.l.1V.
1028 3741 1141 3811 oap29

135 3854 194 3909 init.

176 3954 200 4018 ⁵)
221 3957 290 4012 Vide
308 3956 373 4010 inst.
391 3955 437 4011 lib.
457 3955 505 4010 IV.
526 3972 583 4026 cap.
606 3955 640 4008 13
659 3953 717 4009 init.

176 4058 201 4125 6)
220 4064 329 4130 „Quum
346 4061 426 4132 igitur
444 4068 470 4115 et
489 4061 566 4115 Pater
584 4058 678 4114 Filium
697 4058 787 4122 faeiat,
808 4067 835 4113 et
852 4057 933 4113 Filius
953 4058 1068 4121 Patrem,
1087 4074 1142 4111 una

138 4166 244 4239 utrique
262 4183 348 4231 mens,
368 4182 437 4220 unus
455 4162 580 4239 Spiritus,
599 4180 652 4218 una
671 4161 819 4219 substantia
836 4164 900 4221 αι’*
