2792 5150
605 523 651 594 63

112 732 291 832 pientiam
329 757 399 805 non
436 732 629 820 habebant,
672 759 779 833 quare
815 760 884 809 non
918 737 1035 835 potuit
1069 736 1132 810 illa

114 876 353 972 religionem
375 876 541 973 judicari;
568 877 618 949 ita
641 876 878 976 philosophia,
908 880 1133 977 quieveram
1193 954 1197 963 ,

115 1017 330 1115 religionem
354 1020 376 1091 i.
404 1044 434 1091 e.
460 1044 633 1092 summam
648 1020 814 1117 pietatem
831 1046 901 1093 non
918 1022 1132 1119 possidebat,

117 1185 195 1233 non
218 1171 271 1234 est
296 1185 377 1232 vera
400 1162 576 1258 sapientia.
605 1161 677 1234 Ubi
696 1172 815 1235 autem
833 1173 1024 1259 utrumque
1042 1174 1134 1237 arete

117 1302 287 1375 cohaeret
315 1326 438 1375 verum
471 1327 545 1375 esse
577 1328 717 1376 necesse
750 1313 819 1391 est,
854 1305 937 1402 quia
962 1314 997 1379 et
1022 1306 1058 1378 iu
1082 1331 1136 1378 co·

117 1445 231 1518 leudo
258 1470 376 1544 sapere
402 1444 589 1531 debemus,
615 1446 638 1517 i.
665 1473 694 1519 e.
723 1448 830 1533 seire,
861 1424 948 1544 quiri
975 1448 1077 1523 nobis
1103 1456 1137 1521 et

120 1587 305 1684 quomodo
330 1589 375 1661 sit
399 1589 607 1675 colendum,
630 1598 665 1661 et
681 1589 718 1660 in
736 1589 902 1687 sapiendo
920 1589 1050 1676 colere,
1069 1591 1091 1662 i.
1106 1615 1136 1662 e.

122 1755 164 1803 re
186 1741 221 1802 et
241 1739 340 1816 actu,
367 1733 484 1827 quoad
501 1733 725 1817 sciverimus,
747 1732 904 1830 implere.
945 1732 1044 1824 Quae
1063 1733 1139 1830 qui·

124 1872 211 1945 dem
243 1873 443 1970 conjunctio
468 1874 583 1947 solum
617 1875 669 1947 ibi
698 1873 817 1947 locum
850 1875 978 1948 habere
1003 1884 1138 1974 potest,

126 2013 196 2086 ubi
226 2014 325 2087 Deus
354 2015 483 2088 colitur
508 2041 602 2089 unus
626 2016 836 2089 adorationis
861 2016 1054 2113 objectum3
1077 2017 1142 2089 ubi

126 2156 204 2228 vita
228 2167 264 2229 et
288 2166 386 2230 aetus
416 2183 535 2231 omnes
561 2158 606 2231 ad
631 2184 746 2231 unum
772 2169 877 2257 eaput
904 2167 938 2231 et
963 2158 1008 2231 ad
1033 2183 1142 2232 unam

128 2322 306 2373 summam
334 2300 533 2374 referuntur
545 2302 579 2391 ¹).
614 2302 725 2399 Cujus
746 2301 926 2398 religionis
948 2312 1062 2401 partes
1082 2328 1141 2375 ne·

128 2442 315 2529 cessariae,
341 2444 473 2540 agnitio
498 2444 566 2517 Dei
591 2455 625 2517 et
649 2444 782 2530 cultus,
808 2445 844 2516 in
867 2444 1024 2517 doctrina
1046 2444 1141 2517 Chri-

130 2586 262 2672 stiana,
289 2588 493 2660 auctoritate
518 2587 636 2661 divina
659 2589 813 2675 nitente,
826 2634 829 2640 ·
843 2597 966 2687 utpote
991 2588 1141 2661 homini·

131 2729 202 2801 bus
227 2729 392 2802 omnibus
419 2731 678 2803 accommodata
693 2740 798 2828 etque
815 2731 851 2802 in
870 2756 992 2803 eorum
1010 2731 1144 2803 animos

117 2873 291 2958 effieaee,
305 2879 441 2969 praesto
459 2881 543 2944 sunt
554 2872 588 2960 ¹).
629 2873 694 2945 Per
722 2898 796 2944 eam
824 2872 1005 2959 videlieet,
1032 2897 1145 2969 quum

134 3014 182 3086 sit
209 3016 334 3087 veritas
364 3015 533 3089 divinitus
562 3016 730 3102 revelata,
757 3016 845 3088 ratio
871 3016 988 3089 divina
1011 3016 1146 3089 homini

133 3157 310 3242 innotuit,
336 3157 432 3255 quod
456 3183 518 3256 per
542 3158 721 3231 hominem
746 3159 861 3256 ipsum
883 3169 1068 3255 vagantem
1084 3184 1147 3257 per

136 3299 299 3371 tenebras
328 3300 583 3373 inextricabiles
611 3301 687 3374 fieri
714 3324 785 3373 non
814 3300 978 3398 potuit⁸).
1030 3299 1147 3389 Quare
1219 3313 1221 3318 ’

139 3465 179 3513 ea
204 3440 277 3513 sola
307 3442 460 3539 possidet
485 3442 666 3515 veritatem
689 3442 871 3540 ritumque
893 3442 987 3538 juste
1012 3439 1149 3513 colendi

138 3583 221 3669 Dei,
253 3609 292 3656 ao
315 3583 388 3657 sola
416 3584 507 3657 valet
532 3584 577 3657 ad
603 3609 720 3658 mores
743 3583 949 3657 excolendos
974 3583 1149 3680 vitamque

181 3856 680 3931 Uffimffifflmbb

180 3961 569 4031 bfflmffifflffl

181 4066 1146 4142 WfflmffistwssfflmmffiWmffl2

145 4177 192 4240 13,
215 4176 261 4240 14,
280 4178 325 4230 25.
