2792 5150
629 515 673 584 35

141 725 277 812 relicta,
290 724 508 798 itinerarium
520 724 726 798 hexametris
738 724 895 797 versibus
907 724 1150 821 couscriptum.

141 867 281 941 Eodem
297 866 369 941 sere
385 876 559 965 tempore,
572 865 767 939 secundum
780 865 981 964 opinionem
995 865 1044 937 du
1057 864 1152 936 Fres-

140 1032 230 1107 n0y‚
252 1009 402 1083 ediderit
419 1032 524 1083 suum
544 1007 692 1092 librum,
712 1009 977 1080 Grammaticum
1000 1006 1152 1079 nomina·

141 1159 234 1226 tum.
265 1153 438 1250 Deinceps
452 1159 647 1249 sequuntur
663 1150 735 1222 duo
748 1153 798 1227 ad
808 1151 1039 1244 Asclepiadem
1053 1148 1151 1235 libri,

143 1320 304 1393 quocum
314 1312 435 1368 auctor
447 1295 571 1368 intima
582 1292 814 1368 familiaritate
828 1292 1035 1389 conjunctus
1046 1290 1153 1364 luisse

143 1438 304 1524 videtur3
330 1461 412 1510 nam
436 1435 647 1534 opusculum
672 1458 812 1533 quoque
838 1459 943 1507 suum
967 1433 1011 1506 de
1037 1432 1153 1506 Provi-

142 1578 266 1652 dentia
278 1578 458 1652 Lactantio
474 1577 659 1650 dedicavit.
688 1577 850 1650 Ceterum
869 1575 956 1648 nihil
972 1574 1078 1672 hujus
1095 1599 1154 1647 uo·

142 1722 251 1794 minis
268 1729 443 1819 superest,
457 1744 522 1792 neo
538 1717 679 1791 aliunde
697 1718 778 1791 satis
791 1726 914 1789 uotum
928 1724 980 1789 est
992 1716 1152 1814 quisnam
1182 1802 1186 1806 Α

142 1861 207 1936 ille
226 1862 351 1947 fuerit,
369 1861 469 1959 cujus
485 1861 577 1934 lama
593 1859 699 1934 simul
716 1885 798 1932 cum
818 1857 981 1958 operibus
1006 1857 1151 1930 oblivio·

142 2004 200 2076 nis
212 2003 342 2102 praeda
353 2002 443 2075 lacta
456 2012 516 2076 est.
543 2003 643 2076 Idem
657 2002 769 2077 latum
782 2002 969 2075 subierunt
983 2001 1152 2074 Lactantii

141 2145 324 2244 Epistolee
349 2144 394 2217 ad
411 2147 682 2230 Demetricnum
710 2168 796 2241 quas
817 2143 956 2216 saeculo
973 2142 1061 2214 XVI
1082 2143 1153 2214 Ha-

143 2286 289 2360 drianus
301 2287 324 2359 J
325 2286 430 2360 unius
441 2287 478 2359 in
489 2287 713 2384 Egmuudani
725 2285 926 2360 Monasterii
937 2284 1154 2358 Bibliotheca

143 2429 287 2516 viderit;
307 2454 396 2526 quae
413 2439 530 2502 autem
547 2453 627 2503 mox
644 2429 744 2503 edaci
761 2429 911 2527 tempori
928 2427 1153 2501 succubuisse

143 2572 320 2646 videntur.
371 2572 489 2670 Atque
514 2571 608 2646 haud
637 2571 769 2659 miuus,
796 2596 885 2670 quae
911 2579 962 2645 est
986 2569 1153 2668 fragilitas

145 2715 308 2789 omnium
334 2740 451 2788 rarum
475 2714 709 2801 terrestrium,
732 2714 953 2813 deploramus
970 2713 1153 2786 detrimen·

146 2867 225 2930 tum
250 2856 422 2931 librorum
447 2857 497 2936 IV
523 2861 573 2932 cd
595 2859 744 2932 Probum
769 2864 804 2930 et
828 2856 865 2930 ΙΙ
889 2860 940 2929 cd
961 2858 1126 2929 Severum.

198 3000 340 3072 Praeter
352 2999 415 3073 hos
431 2999 556 3085 libros,
573 3009 757 3097 questum
774 3007 962 3084 exstanteS,
981 3006 1056 3070 tum
1075 3023 1153 3096 spu·

145 3140 218 3215 rios
234 3150 270 3214 et
288 3141 488 3239 deperditos
505 3141 788 3226 commemoravi,
814 3140 916 3214 liceat
931 3140 1036 3212 verbo
1052 3139 1152 3212 attin·

147 3308 230 3381 gere
247 3308 288 3357 ea
305 3308 425 3382 opera,
443 3308 534 3382 quae
553 3284 765 3382 scripturum
781 3308 817 3355 se
834 3281 1011 3381 pollicitus
1029 3292 1080 3355 est
1095 3307 1153 3355 au-

145 3434 236 3511 ctor,
252 3450 340 3523 quae
354 3425 598 3499 verosimiliter
610 3434 729 3499 autem
741 3450 922 3521 nunquam
936 3422 1152 3500 exstiterunt.

145 3563 202 3637 Sic
219 3565 378 3663 promisit
395 3563 487 3644 illud
503 3569 668 3640 adversm
684 3566 837 3639 Jadueoa
851 3567 890 3654 ¹),
907 3565 1007 3662 cujus
1023 3565 1154 3642 mentio

145 3734 320 3807 nusquam
333 3708 428 3807 apud
441 3728 574 3782 veteres
587 3709 771 3807 scriptores
783 3708 973 3793 invenitur;
987 3708 1037 3779 ita
1051 3706 1155 3780 etiam

146 3854 408 3947 discretationem
436 3860 556 3928 contra
582 3878 692 3926 omnm
718 3855 965 3926 mendaciorum
990 3857 1112 3923 certor.

181 4167 203 4231 ι)
224 4170 285 4226 niv.
304 4170 368 4225 lust.
390 4169 451 4225 VII.
471 4171 496 4225 1.
