2792 5150
631 519 651 590 7

124 722 396 800 defendendum
408 751 524 799 veram
536 725 743 821 religionem
755 728 1026 827 refutandosque
1038 731 1144 827 hujus

123 876 351 941 accusatores
374 869 592 966 importunos
605 868 639 956 ¹).
692 868 833 941 Horum
857 894 953 944 nunc
970 882 1143 946 accusato·

123 1032 214 1081 rum
251 1010 438 1109 praecipue
477 1011 547 1083 duo
587 1009 753 1107 sacrilega
789 1036 893 1108 opera
922 1038 986 1086 sua
1009 1013 1144 1112 publici

121 1148 220 1245 juris
245 1149 417 1236 fecerant,
450 1150 594 1223 ineunte
627 1151 747 1223 odiosa
771 1151 976 1224 crudelitate
1003 1153 1142 1226 Diocle·

124 1287 270 1375 tianea,
298 1289 463 1363 distincte
487 1299 636 1363 testante
659 1298 819 1377 auctore,
845 1291 1007 1366 dicente:
1037 1294 1144 1391 „Ego

124 1453 218 1502 cum
241 1430 281 1502 in
299 1431 468 1529 Bithynia
485 1432 648 1505 oratorias
665 1432 797 1506 litteras
814 1434 944 1507 accitus
962 1434 1141 1523 docerem,

125 1571 426 1670 contigissetque,
459 1582 500 1646 ut
535 1575 657 1647 eodem
689 1584 846 1674 tempore
874 1576 942 1648 Dei
970 1575 1143 1674 templum

127 1721 367 1802 everteretur,
401 1715 473 1788 duo
506 1716 713 1790 exstiterunt
744 1716 898 1804 ibidem,
929 1717 991 1814 qui
1013 1718 1144 1815 jacenti

127 1861 240 1951 atque
272 1854 425 1953 abjectae
457 1856 612 1943 veritati,
645 1857 763 1929 nescio
801 1865 922 1930 utrum
956 1857 1143 1956 superbius

128 2017 179 2065 an
193 1994 445 2093 importunius,
458 1995 734 2084 insultarent''').
761 1997 807 2069 ut
819 1997 892 2069 fere
909 1998 1025 2071 statim
1037 1999 1143 2097 paulo

111 2143 214 2231 post
239 2135 322 2208 haee
346 2137 453 2210 verba
477 2145 695 2235 sequuntur:
732 2138 791 2224 „li
814 2163 916 2236 ergo,
942 2139 986 2212 de
1012 2140 1143 2237 quibus

128 2276 223 2363 dixi,
261 2303 344 2351 cum
385 2291 565 2378 praesente
598 2305 654 2353 me
683 2305 723 2352 ao
757 2280 917 2369 dolente,
959 2282 1143 2380 sacrilegas

129 2445 212 2494 suas
246 2420 490 2518 explicassent;
535 2431 570 2494 et
604 2421 748 2495 illorum
783 2423 933 2520 superba
964 2424 1142 2522 impietate

130 2560 350 2650 stimulatus,
384 2573 420 2637 et
448 2563 600 2637 veritatis
630 2564 741 2663 ipsius
767 2564 994 2652 conscientia,
1026 2576 1060 2638 et
1087 2574 1141 2658 (ut

131 2728 199 2801 ego
236 2703 397 2794 arbitror)
436 2706 530 2792 Deo;
568 2706 705 2803 suscepi
739 2706 805 2778 hoc
831 2732 961 2780 munus
977 2707 1037 2797 ⁸).''
1087 2710 1140 2781 Ac

131 2846 213 2942 quis
238 2845 347 2918 nescit
372 2871 485 2919 unum
510 2871 632 2920 eorum
657 2847 763 2920 luisse
781 2848 1002 2935 Hieroclem,
1021 2849 1141 2946 Bithy-

131 2987 210 3059 niae
235 2987 451 3084 praesidem,
475 2988 537 3085 qui
562 2997 597 3060 et
622 2980 743 3061 auctor
768 2988 940 3085 imprimis
965 2997 1000 3062 et
1025 2991 1140 3063 consi-

131 3126 234 3200 liator
258 3128 459 3202 excitandae
474 3130 727 3227 persecutionis
743 3129 811 3202 luit
822 3131 871 3219 ⁴)?
905 3130 1031 3204 Nonne
1049 3132 1138 3204 duos

170 3519 193 3585 1)
214 3522 275 3577 Div.
294 3524 359 3578 lust.
379 3523 424 3579 lib.
439 3525 474 3578 V.
490 3541 548 3594 cap.
564 3527 597 3589 3,
611 3528 643 3587 4;
662 3524 782 3577 Andreas
801 3523 969 3580 Gallandius:
990 3523 1049 3579 Bib.
1060 3526 1096 3578 V.
1107 3526 1138 3579 P.

168 3621 193 3690 ²)
213 3626 275 3681 Div.
294 3627 359 3683 Inst.
378 3628 396 3683 l.
417 3630 443 3683 5.
463 3647 486 3683 c.
509 3629 551 3683 la.

168 3727 192 3792 8)
213 3731 274 3785 Div.
294 3732 359 3786 lust.
377 3731 423 3787 lrb.
446 3736 470 3786 5.
490 3749 550 3802 pag.
575 3732 638 3795 580,
662 3731 704 3787 ed.
724 3732 900 3787 Bunemanni.

167 3830 194 3899 ⁴)
213 3835 239 3888 It
266 3835 288 3888 is
313 3835 394 3900 clear,
411 3834 544 3901 however,
563 3835 623 3889 that
644 3834 676 3888 he
696 3835 784 3905 points
803 3844 832 3889 at
850 3836 995 3903 Hierocles,
1014 3836 1074 3891 wlro
1093 3855 1137 3891 ex·

130 3938 211 3993 tolled
229 3940 275 3994 the
290 3939 411 4011 juggling
429 3938 508 3994 triclm
527 3938 559 3994 of
575 3938 732 4009 Apollonius
750 3939 782 3994 of
798 3942 906 4012 Tyanos
923 3941 1007 3997 above
1025 3942 1071 3997 the
1088 3943 1136 3996 mi·

129 4042 209 4096 racles
218 4042 250 4097 of
255 4043 299 4097 the
309 4044 407 4114 Gospel
416 4052 465 4098 etc.
485 4043 554 4097 Vide
565 4045 752 4098 uounuaru’a
762 4046 900 4117 Summary
917 4044 949 4099 of
954 4046 999 4100 the
1009 4045 1137 4118 Writings

129 4146 161 4202 of
178 4148 251 4203 Lact.
270 4165 331 4219 pag.
350 4151 387 4202 63
405 4149 433 4202 in
450 4148 546 4204 medio.
