2792 5150
600 509 645 579 29

100 711 316 787 Confessori
346 716 485 788 nomine
515 716 643 788 Donati
672 716 863 815 inscriptus
892 726 962 801 est,
989 716 1050 813 qui
1072 714 1124 788 fu·

98 864 203 927 rente
236 856 482 930 Diocletianea
509 858 770 957 persecutione,
796 857 917 930 multis
941 857 1125 931 tormentis

99 996 314 1094 subjectum
349 998 584 1072 adversarium
614 999 765 1096 gloriosa
789 999 1005 1072 confessione
1030 998 1122 1072 vicit.

98 1224 152 1280 loia
171 1245 226 1298 par
248 1228 367 1300 Baluge.
390 1228 491 1300 d'apres
514 1246 550 1282 un
571 1229 713 1282 manuscrit
728 1229 761 1283 de
776 1228 801 1283 la
818 1228 1002 1300 Bibliotheque
1015 1229 1048 1283 de
1064 1229 1125 1284 Col·

99 1329 175 1395 bert,
196 1342 228 1386 et
249 1332 401 1403 reimprime
418 1336 435 1388 a
450 1334 572 1397 Utrecht‚
592 1333 620 1388 in
631 1329 669 1389 8⁰.
680 1351 713 1388 en
726 1332 808 1394 1673.
838 1333 907 1395 Vide
916 1334 1124 1406 Encyclopaedie

99 1452 136 1488 ou
157 1436 237 1493 Dict.
261 1439 315 1493 Un.
335 1437 394 1493 rais.
416 1439 442 1492 d.
461 1438 529 1493 Con.
550 1439 631 1493 Hum.
651 1447 716 1493 tom.
736 1438 824 1494 XXV.
840 1438 989 1510 pag.457).
1018 1440 1124 1511 Neque,

99 1547 224 1595 uetante
242 1559 405 1607 cussare,
420 1542 448 1597 in
464 1542 517 1596 alio
531 1542 619 1597 codice
635 1543 723 1596 adbuc
736 1553 853 1613 repertus
867 1552 915 1598 est.
935 1543 976 1598 De
988 1544 1125 1599 authentia

100 1641 186 1713 hujus
212 1645 277 1700 libri
298 1646 347 1700 viri
365 1647 435 1701 docti
454 1647 613 1703 dissentiunt
631 1656 712 1719 atque
731 1647 758 1702 in
778 1657 918 1719 utramque
938 1657 1038 1719 partem
1058 1648 1125 1702 mul-

100 1755 164 1802 tum
185 1751 372 1822 disputarunt.
412 1755 555 1809 Annaeus
572 1769 764 1808 emanares
780 1753 904 1823 opinatur
919 1769 978 1806 eum
993 1770 1049 1808 esse
1061 1770 1125 1808 eun·

103 1852 165 1907 (lem
187 1855 270 1925 cujus
289 1855 464 1929 Hieronymus
483 1857 642 1912 mentionem
659 1857 720 1912 fecit
734 1857 761 1911 in
775 1856 912 1928 Catalogo.
937 1857 1031 1928 Neque
1047 1857 1121 1914 aliter

103 1974 263 2016 sanuzrus
282 1960 363 2014 sensit
380 1970 407 2015 et
427 1978 573 2017 moesias
592 1978 631 2016 nir
644 1978 787 2025 nnsnooa,
804 1961 904 2015 Ductor
920 1960 1125 2016 Sorbonnensis’

105 2061 155 2125 (cf.
172 2065 258 2119 etiam
269 2082 459 2121 unuuauuus
468 2065 496 2119 iu
507 2068 565 2121 Act.
576 2066 658 2119 Erud.
670 2065 741 2136 Lips.
753 2067 804 2118 An.
816 2064 885 2126 1711
896 2106 902 2126 ,
916 2083 977 2137 pag.
988 2066 1070 2129 470),
1080 2067 1126 2138 qui

104 2178 204 2225 contra
223 2189 262 2226 ur
277 2187 403 2227 uuum
418 2170 625 2242 disquisitionem
635 2187 711 2224 suam
720 2169 810 2225 edidit.
836 2170 949 2234 Contra,
961 2170 1126 2226 doctissimus

106 2289 145 2328 nir
167 2292 313 2340 Novana,
333 2276 378 2348 qui
394 2293 425 2330 ex
442 2276 472 2330 M
491 2274 532 2330 82⁰
549 2275 649 2330 huncce
662 2274 759 2329 librum
773 2273 862 2328 denuo
876 2274 971 2337 edidit,
989 2275 1126 2329 Lactantio

105 2376 182 2435 hunc
203 2379 302 2434 librum
321 2379 400 2450 plane
418 2379 589 2451 abjudicavit.
608 2389 635 2434 et
650 2380 754 2434 cuidam
767 2396 885 2434 nucrsro
901 2395 1015 2434 cscmro
1024 2379 1125 2435 tribuit.

107 2482 182 2539 Eum
208 2494 314 2540 secutus
338 2494 377 2539 est
395 2483 435 2539 el.
461 2501 613 2547 rrarrrus,
640 2485 667 2538 in
686 2483 758 2539 laud.
776 2485 810 2538 ad
833 2483 973 2555 Epitomen
996 2484 1127 2538 Lactantii

108 2589 312 2653 dissertatione
346 2608 432 2663 neque
461 2589 539 2645 aliam
573 2589 730 2645 sententiam
759 2606 940 2644 marmarum.
969 2606 1125 2651 uranum,

108 2693 206 2749 l'beol.
218 2695 317 2759 doctor,
328 2694 462 2766 amplexus
472 2704 524 2757 est,
533 2693 629 2766 aliique
638 2694 728 2749 critici.
749 2694 812 2760 (Off.
823 2710 981 2749 wanonrus
991 2692 1019 2748 in
1029 2694 1083 2747 suis
1092 2695 1125 2747 ad

111 2798 189 2855 Lact.
205 2799 324 2871 Operum
343 2798 482 2853 editionem
503 2799 711 2872 Prolegomenis;
731 2814 871 2854 curareris
890 2796 953 2861 etc).
989 2797 1033 2852 Ob
1052 2815 1126 2867 prae-

110 2905 194 2974 cipua
214 2922 310 2975 nempe
328 2914 494 2975 argumenta,
514 2905 547 2959 de
562 2903 641 2974 hujus
657 2904 716 2959 libri
735 2902 872 2958 authentia
889 2902 1004 2973 graviter
1022 2902 1126 2957 dubita·

111 3015 165 3065 tur.
197 3010 329 3074 Primum,
348 3009 383 3064 ob
399 3017 507 3065 externa
525 3008 601 3063 haec:

150 3134 178 3171 o.
199 3116 232 3170 ln
251 3116 290 3171 Μ.
307 3117 334 3170 S.
350 3113 503 3169 Colbertino
520 3114 571 3168 hoc
587 3113 745 3183 opusculum
758 3112 841 3168 Lucio
850 3111 948 3167 cecilio
957 3110 1123 3172 adsumitur,

113 3236 202 3292 neque
221 3219 249 3274 in
270 3237 302 3274 eo
321 3236 438 3290 unquam
458 3217 588 3274 baruntii
606 3217 705 3272 mentio
724 3217 794 3272 facta
812 3227 860 3272 est.

152 3326 178 3380 b.
198 3324 301 3378 Titulus
319 3324 379 3378 libri
397 3342 414 3378 a
432 3340 560 3379 amunio
581 3322 644 3376 editi
663 3322 750 3377 differt
767 3322 802 3376 ab
821 3339 866 3384 eo,
886 3321 933 3393 qui
951 3322 978 3375 in
998 3320 1128 3392 catalogo

115 3428 273 3500 Hieronymi
293 3429 438 3491 invenitur;
457 3446 519 3482 nam
538 3437 630 3483 auctor
648 3426 691 3480 ille
711 3427 743 3481 de
760 3427 940 3482 Persecatiooe
956 3426 1059 3482 locutus
1076 3434 1127 3484 est:

115 3551 171 3589 non
192 3536 225 3589 de
245 3534 376 3590 Mortibus
396 3535 601 3587 Persecutorum.

154 3640 277 3695 Secundo
296 3637 368 3703 loco,
388 3639 424 3693 ob
439 3637 543 3692 iuterna
559 3639 639 3693 baec:

153 3764 179 3800 o.
200 3744 278 3799 biber
297 3744 329 3797 de
348 3743 476 3797 mortibus
495 3744 693 3797 Persecutorum
715 3741 864 3796 inscribitur
881 3741 1000 3803 Donato,
1024 3741 1128 3807 Confer·

115 3850 180 3912 rori,
195 3848 240 3919 qui
254 3848 304 3901 sub
317 3847 494 3917 persecutione
510 3846 688 3901 Diocletiauea
697 3847 864 3901 vehementer
873 3854 982 3899 verutus
991 3855 1038 3899 est.
1065 3844 1129 3898 Lac·

116 3954 215 4010 tentius
235 3952 343 4006 omnino
362 3952 457 4006 librum
477 3953 509 4006 de
530 3953 570 4005 lra
590 3952 640 4007 Dei
653 3952 757 4006 cuidam
776 3952 882 4005 Donato
892 3949 975 4003 amico
985 3947 1129 4006 dicaverat.

116 4059 161 4130 qui
190 4058 255 4112 liber
283 4065 344 4127 post
363 4057 554 4127 persecutiones
573 4056 684 4128 scriptus
704 4056 783 4110 fuisse
803 4054 919 4116 videtur;
939 4071 1029 4108 verum
1049 4053 1077 4106 in
1096 4068 1129 4106 eo

118 4180 247 4237 nusquam
268 4164 403 4218 Donatum
425 4165 599 4234 Coufeaaorem
615 4161 743 4219 nominat
772 4127 892 4218 Piotecto
910 4162 943 4219 de
957 4160 1013 4215 viro
1027 4159 1131 4216 locutus
