2792 5150
604 502 647 573 71

110 708 241 781 addita
272 708 423 782 auctoris
452 709 561 783 animi
588 709 812 783 inclinatione
847 712 890 784 ad
923 711 1129 808 religionem

66 849 70 853 ’
112 849 356 923 Christianam
380 851 417 924 in
444 877 514 948 qua
543 851 763 938 versabatur,
795 853 907 950 magis
932 852 1129 926 luculenter

2 978 3 981 ¹
110 993 315 1091 apparebit,
342 1018 424 1066 eum
454 994 623 1067 rationem
640 993 1000 1067 acatholico-Etbicam
1018 1020 1130 1092 perse·

111 1145 243 1208 cutum
256 1160 340 1208 esse.
369 1134 474 1226 Quod
487 1135 631 1233 quidem
643 1136 726 1208 satis
742 1135 961 1209 abundanter
978 1147 1073 1234 patet
1087 1163 1128 1210 ex

111 1276 195 1373 ejus
219 1275 469 1372 Christologia‚
496 1302 537 1350 ex
562 1302 602 1350 ea
626 1278 830 1375 praesertim
854 1288 967 1376 parte,
993 1279 1129 1376 quade

111 1418 251 1492 Christi
267 1420 502 1492 incarnatione
515 1419 620 1493 verba
632 1382 724 1492 iecit.
753 1420 928 1507 Primum,
942 1422 1039 1518 quod
1052 1422 1129 1495 atti·

111 1568 179 1633 net
205 1560 250 1633 ad
267 1561 341 1658 ejus
365 1585 568 1659 personam,
594 1562 683 1634 ratio
709 1561 821 1635 ethica
839 1561 950 1634 oculis
975 1563 1129 1660 exposita

112 1712 190 1788 est,
209 1702 273 1775 ubi
289 1701 334 1776 de
346 1701 499 1789 Christo,
513 1703 581 1776 Dei
594 1701 759 1775 Sermone
772 1714 908 1789 vocato,
925 1705 1052 1801 arguit.
1079 1705 1130 1778 Ea

112 1845 253 1919 scilicet
277 1845 411 1918 ratione
436 1871 477 1918 ex
494 1845 562 1918 Dei
578 1870 637 1919 ore
653 1847 821 1944 prooessit
846 1847 936 1920 sicut
960 1848 1127 1934 verbum,

114 1987 219 2086 quod
248 1986 309 2060 ille
337 1988 501 2084 magister
526 1988 705 2061 doctrinae
729 1988 797 2061 Dei
822 1989 963 2061 futurus
988 1994 1127 2079 esset).

114 2130 226 2204 Hanc
251 2131 297 2204 ob
317 2156 475 2204 caussam
492 2155 575 2204 eum
600 2132 759 2205 nominat
785 2132 963 2205 doctorem
988 2131 1128 2205 virtutis

113 2283 153 2345 et
186 2282 445 2371 praeceptorem
479 2273 634 2370 justitiae
646 2274 680 2364 ³).
732 2274 810 2347 Imo
845 2273 958 2346 Filius
982 2298 1003 2345 a
1026 2274 1128 2347 Patre

113 2414 247 2488 missus
271 2425 324 2488 est
349 2425 389 2488 ut
411 2416 488 2488 viva
512 2441 744 2514 praesensque
764 2415 820 2489 lex
833 2417 868 2506 ⁸).
908 2416 999 2489 Nam
1016 2441 1128 2514 quum

109 2557 255 2657 justitia
280 2556 379 2632 nulla
405 2568 495 2632 esset
519 2558 555 2632 in
582 2567 692 2646 terra,
707 2559 885 2632 doctorem
898 2557 1012 2645 misit,
1029 2560 1128 2657 quasi

112 2699 234 2772 vivam
257 2698 392 2796 legem,
418 2710 459 2772 ut
485 2724 611 2772 nomeu
638 2709 673 2773 et
693 2699 868 2797 templum
893 2723 1024 2773 novum
1049 2725 1128 2774 con·

113 2844 236 2928 deret;
274 2852 315 2914 ut
352 2867 474 2915 verum
513 2852 548 2914 et
584 2842 683 2939 pium
720 2840 857 2914 cultum
894 2867 1127 2940 peromnem

112 2993 248 3057 terram
273 2984 388 3057 verbis
406 2993 440 3056 et
457 2982 624 3080 exemplis
641 2984 828 3056 seminaret
838 2987 871 3072 ⁶).
890 3027 939 3037 —
965 2985 1128 3082 Eumque

114 3126 277 3224 oportuit
301 3133 370 3198 non
396 3124 511 3198 solum
536 3124 672 3211 Deum,
699 3124 760 3197 sed
786 3134 821 3196 et
846 3125 1024 3197 hominem
1042 3151 1126 3200 esse.

114 3268 236 3358 Quam
259 3268 465 3341 sententiam
491 3277 719 3363 argumento,
747 3290 817 3363 quo
842 3267 918 3365 ipso
942 3268 1030 3339 ratio
1047 3267 1126 3355 illa,

113 3476 306 3489 m

158 3614 182 3678 ¹)
202 3617 262 3671 Div.
283 3617 347 3672 lust.
367 3616 413 3672 lib.
433 3617 481 3670 IV.
502 3634 559 3686 cap.
580 3618 643 3670 448.
664 3617 691 3670 in
712 3617 780 3670 merl.
800 3618 842 3670 ed.
863 3621 931 3670 siin.

156 3716 181 3782 2)
202 3721 262 3775 Div.
283 3721 347 3774 lust.
367 3720 412 3774 lib.
432 3721 480 3777 lV.
501 3737 561 3791 pag.
585 3721 632 3783 13,
652 3722 704 3783 23,
724 3723 774 3784 24,
796 3723 841 3774 25.

156 3821 180 3891 ³)
201 3825 260 3880 Div.
280 3825 345 3879 lust.
364 3824 409 3878 lib.
430 3824 478 3877 lV.
498 3842 555 3894 cap.
578 3824 629 3883 17:
661 3823 859 3890 „Denuntiavit
878 3822 975 3877 scilicet
996 3823 1127 3878 Dominus

118 3949 167 4001 per
186 3930 270 3999 ipsum
290 3928 436 3999 legiferum,
464 3928 537 3997 quod
555 3925 639 3980 fllium
658 3944 748 3991 suum,
773 3926 799 3979 id
823 3938 874 3990 est,
904 3929 989 3980 vivam
1004 3943 1125 3996 praesm-

116 4044 216 4106 temqoe
233 4034 329 4106 legem,
348 4033 473 4087 missurus
491 4032 583 4086 ΜΡ

156 4135 181 4201 ⁴)
202 4137 263 4192 Div.
282 4138 347 4193 but.
368 4137 413 4192 lib.
434 4137 483 4190 lV.
503 4153 561 4206 cap.
581 4138 616 4190 25
636 4135 695 4190 init.
715 4153 775 4206 pag.
798 4135 911 4192 53led.
932 4140 1001 4190 alin.
