2792 5150
715 451 761 520 2ss

230 662 317 743 ,darn
349 662 532 735 veritatem
565 660 839 756 religionemque
870 659 1156 757 conscripsimus,
1189 659 1241 731 ita

234 803 427 899 legentium
460 810 593 874 mentes
625 801 816 887 instruant,
842 810 885 874 ut
909 826 953 873 ne
978 800 1156 899 prolixitas
1180 825 1238 896 pa-

235 945 300 1016 riat
322 942 522 1027 fastidium,
549 966 662 1039 neque
679 952 799 1015 oneret
825 941 1017 1015 ubertate.''
1044 941 1161 1033 Quare
1187 941 1238 1014 du

235 1085 387 1182 Fresncy
412 1085 573 1181 opinetur
598 1108 680 1156 eum
710 1108 801 1157 anno
828 1086 896 1156 325
922 1084 959 1156 in
988 1082 1105 1156 lucem
1129 1083 1239 1155 fuisse

235 1227 390 1300 missum.
442 1226 534 1298 Eum
567 1233 688 1298 auctor
720 1225 888 1310 confecit,
920 1225 1121 1324 postulante
1151 1225 1239 1297 Pen-

236 1368 329 1440 tadio
354 1368 474 1452 fratre,
499 1368 536 1439 in
560 1391 601 1439 eo
622 1366 787 1439 exhibens
805 1367 1036 1439 summarium
1053 1367 1131 1439 Div.
1151 1366 1236 1438 lust.

235 1511 407 1583 librorum
445 1509 524 1582 VII.
581 1508 696 1599 Quam
730 1509 776 1581 ob
805 1534 944 1583 causam
969 1507 1154 1580 nonnullas
1183 1535 1239 1582 res

235 1652 372 1725 silentio
403 1653 597 1750 praeteriit,
632 1652 824 1725 dummodo
844 1651 1012 1750 plurimas
1036 1651 1239 1724 illustrandi

238 1806 271 1866 et
297 1793 494 1892 explicandi
520 1794 630 1891 gratia
654 1795 833 1868 interdurn
858 1794 993 1890 adjecit.

705 2042 722 2126 t
752 2039 784 2109 3.

311 2254 464 2345 Scripta,
491 2278 579 2348 quoe
603 2279 625 2324 u
646 2254 821 2348 plerisque
845 2256 965 2346 apuria
992 2254 1166 2324 habentur.

287 2476 375 2548 Sunt
401 2501 526 2574 nempe
553 2479 733 2574 sequentia
749 2477 937 2578 opuscula,
956 2478 999 2550 de
1017 2502 1167 2577 quorum
1185 2503 1245 2550 au·

240 2620 371 2692 thentia
395 2645 415 2691 a
439 2620 599 2717 plurimis
623 2622 772 2716 graviter
797 2621 996 2694 dubitatur:

385 2785 414 2832 a.
466 2760 571 2833 Liber
596 2762 640 2834 de
665 2761 841 2835 Mortibus
865 2769 1144 2858 persecutorum,

384 2902 417 2974 b.
471 2901 711 3001 Symposium,

383 3070 411 3116 c.
464 3044 612 3117 Carmen
639 3045 682 3118 de
707 3046 899 3131 Phoenice,

384 3186 417 3259 d.
471 3186 619 3260 Carmen
645 3187 688 3259 de
713 3187 898 3273 Paschate,

384 3354 413 3400 e.
465 3328 613 3402 Carmen
639 3331 683 3402 de
708 3329 870 3402 Passione
896 3331 1049 3404 Domini.

285 3497 314 3543 a.
366 3474 469 3545 biber
499 3478 541 3545 cle
570 3475 743 3546 Mortibus
783 3476 1037 3546 Persecutorum
1054 3475 1077 3560 1)
1104 3474 1245 3548 cuidam

273 3772 296 3839 ¹)
317 3778 397 3833 Hunc
422 3777 518 3833 librum
541 3786 619 3833 antea
643 3779 764 3851 ignotum
784 3794 961 3832 ermerannus
981 3795 1127 3833 nsnnzrus
1147 3777 1248 3847 primus

231 3898 302 3935 anno
324 3880 395 3941 1679
422 3881 585 3937 insecundo
608 3882 741 3938 volumine
760 3881 987 3937 Miscellaneorum
1007 3883 1034 3935 in
1055 3882 1141 3937 lucem
1161 3882 1231 3935 misit

231 3994 372 4056 postquam
391 4005 421 4041 ex
441 3988 616 4042 vetustissimo
636 3988 725 4042 codice
740 3986 808 4041 Bibl.
823 3986 1063 4041 Colbertinaeeum
1072 3987 1244 4058 produxerat.

232 4090 288 4152 (Un
317 4092 394 4147 truite
412 4093 444 4152 de
462 4092 489 4146 la
507 4100 576 4148 mort
595 4093 641 4146 des
660 4093 852 4167 perstantem,
874 4092 964 4159 publie
982 4109 1051 4164 pour
1069 4091 1095 4145 la
1115 4089 1244 4163 premiere
