2792 5150
615 520 660 590 28

119 725 192 798 uiri
222 738 349 826 potest.
401 728 481 819 Quo
497 727 606 813 facto,
632 727 857 825 prosequitur
880 726 1136 800 inst‘tutionem

121 868 169 941 de
196 871 359 958 Christo,
384 871 534 943 hominis
553 869 751 956 Servatore,
774 869 1062 967 complectentem
1079 869 1138 941 do

119 1011 277 1084 utrinam
300 1013 343 1086 de
369 1014 443 1110 ejus
469 1012 687 1109 cognitione;
713 1037 861 1112 persona
886 1020 920 1084 et
945 1011 1135 1084 nativitate.

120 1152 239 1227 Porro
265 1155 309 1227 de
335 1156 410 1252 ejus
426 1155 562 1228 naturis
583 1155 736 1241 duabuS,
764 1155 807 1227 de
825 1155 900 1251 ejus
913 1154 1018 1227 rebus
1031 1152 1139 1249 gestis

118 1295 188 1369 hac
231 1297 268 1368 in
306 1304 415 1384 terra,
448 1297 607 1395 passione
640 1306 675 1369 et
708 1295 843 1370 crudeli
876 1296 990 1368 crucis
1014 1304 1136 1367 morte.

119 1436 270 1511 Deinde
296 1439 504 1537 respondere
534 1447 680 1511 conatur
704 1437 750 1510 ad
775 1437 1028 1536 quaestionem:
1055 1461 1139 1532 quo

120 1580 251 1666 mode,
279 1605 391 1676 quum
410 1580 529 1653 Deum
540 1603 654 1652 unum
667 1603 731 1651 nos
744 1578 1031 1664 coleresatemur,
1050 1577 1138 1649 duas

120 1728 246 1794 tamen
270 1721 456 1794 statuimus
477 1745 550 1794 esse
574 1744 756 1819 personas,
782 1719 901 1793 Deum
926 1744 1052 1817 nempe
1078 1719 1139 1792 Pa·

121 1869 220 1936 trem
246 1873 281 1936 et
303 1863 420 1936 Deum
445 1863 572 1935 filium.
605 1863 705 1954 Quae
730 1862 847 1934 omnia
872 1861 1051 1935 concludit
1072 1860 1140 1933 dis·

123 2005 278 2077 serendo
304 2006 348 2078 de
371 2004 567 2077 haeresium
593 2005 743 2091 caussis,
766 2029 854 2101 quas
870 2002 974 2075 variis
1000 2002 1140 2075 rationi·

121 2145 196 2220 bus
231 2147 383 2220 hominis
421 2159 666 2248 corruptorum
706 2155 741 2220 et
775 2170 963 2245 pravorum
1001 2169 1140 2218 morum

123 2289 302 2362 attribuit.

175 2429 286 2502 Liber
311 2430 354 2516 V,
381 2431 600 2502 deJaatitta.
635 2431 769 2502 Auctor
794 2429 864 2501 sibi
889 2428 1052 2527 proponit
1072 2428 1139 2500 hoe

124 2571 163 2645 in
191 2571 313 2646 libello
339 2573 520 2647 ostendere
545 2572 711 2646 Ethnicos
736 2572 880 2646 minime
902 2597 1018 2645 veram
1037 2571 1137 2669 justi·

125 2716 215 2788 tiam
241 2715 433 2812 possidere,
461 2741 607 2813 eamque
636 2714 746 2787 solam
772 2716 867 2814 apud
884 2715 1013 2788 Christi
1034 2724 1140 2787 secta·

126 2865 222 2931 tores
256 2857 406 2931 inveniri
433 2882 543 2956 posse.
595 2856 700 2947 Quod
737 2866 778 2929 ut
809 2856 928 2943 faeiat,
962 2858 1137 2955 primum,

127 3024 268 3073 caussas
293 2999 398 3096 hujus
417 3006 596 3097 susceptae
615 2997 870 3071 lucubrationis
890 2998 1021 3086 reddit,
1048 3025 1145 3096 quae,-

128 3168 172 3215 eo
197 3142 347 3215 redeunt
375 3152 417 3215 ut
457 3150 611 3214 errantes
639 3141 739 3214 avia
768 3142 860 3216 mala
885 3143 1037 3215 revocari
1063 3169 1139 3241 pos·

128 3286 218 3371 sint,
252 3284 443 3386 titubantes
491 3285 528 3357 in
572 3285 641 3357 fide
687 3283 894 3358 confirmari.
946 3285 1060 3381 quue
1098 3310 1139 3358 eo

129 3427 243 3524 magis
268 3428 500 3501 necessarium
526 3440 616 3514 erat,
643 3452 714 3525 quo
740 3427 856 3500 minus
881 3428 1049 3501 hactenus
1074 3429 1140 3501 ele-

130 3577 254 3665 ganter
274 3593 314 3641 ac
339 3569 533 3642 secundum
553 3569 720 3667 temporis
741 3570 892 3641 rationes
910 3570 954 3642 de
970 3569 1139 3667 religione

131 3708 329 3782 Christiana
363 3709 532 3806 scriptum
569 3718 679 3797 esset,
719 3710 972 3808 doctorumque
1006 3720 1139 3806 egestas

132 3851 303 3949 quosdam
328 3860 547 3949 provocasset
570 3852 616 3924 ad
632 3852 857 3925 scribendum
875 3862 995 3925 contra
1011 3852 1141 3926 hancce

132 3994 296 4067 eximiam
333 3994 549 4091 religionem.
608 3995 707 4067 Inter
744 4020 833 4092 quos
868 3995 1072 4093 praesertim
1111 3996 1140 4068 is

133 4145 226 4223 erat,
258 4135 320 4232 qui
352 4135 440 4207 duos
473 4134 558 4207 istos
586 4135 698 4208 libros
723 4145 984 4234 composuerat,
1010 4137 1141 4234 quibus
