2792 5150
614 503 660 575 47

126 712 243 808 possit
280 712 439 799 officere,
478 720 519 784 ut
553 712 625 808 jam
663 710 806 785 scientia
842 708 1038 783 litterarum
1071 733 1142 781 uon

125 854 240 927 modo
274 854 362 927 nihil
396 864 518 927 noceat
550 853 713 952 religioni
743 863 847 950 atque
877 852 1049 948 justitiae,
1080 851 1141 924 scd

126 996 240 1069 etiam
266 997 377 1096 prosit
401 1021 507 1095 quam
532 996 750 1096 plurimum”
765 997 798 1086 ¹).

181 1138 308 1236 Neque
333 1148 468 1227 tamen,
495 1139 582 1212 dum
603 1139 668 1212 hoc
688 1138 793 1210 modo
810 1138 876 1212 viri
894 1138 1021 1236 scripta
1035 1136 1141 1210 laude

124 1279 351 1367 afficiuntur,
383 1281 522 1356 diffiteri
551 1280 630 1353 volo
663 1280 720 1352 hic
758 1289 793 1353 et
830 1279 917 1367 illic,
955 1279 1140 1379 praecipue

122 1423 250 1520 quoad
282 1423 564 1521 chronologiam,
590 1447 655 1497 nce
680 1447 751 1495 nou
776 1422 1015 1522 philosophiae
1040 1421 1139 1494 disci·

122 1563 283 1662 plinam,
317 1589 450 1638 errores
478 1564 667 1638 nonnullos
696 1564 734 1637 in
763 1563 876 1637 Instit.
909 1563 1086 1663 irrepsisse
1103 1564 1137 1653 ³).

122 1704 230 1798 Quae
256 1705 399 1803 quidem
417 1706 558 1805 culpae,
575 1716 616 1779 ut
634 1704 772 1804 opinor,
795 1705 896 1778 facile
918 1706 1140 1779 excusatione

121 1848 202 1945 tegi
224 1858 389 1946 possunt,
407 1848 490 1922 siin
509 1857 663 1922 mentem
680 1871 898 1935 revocamus,
925 1856 1140 1946 quantopere

122 1988 246 2062 adhuc
271 1990 468 2063 inaccurata
492 1989 689 2063 litteratura
713 1989 766 2061 his
792 1989 836 2062 de
860 1988 967 2062 rcbns
992 2014 1033 2062 eo
1055 1998 1140 2062 tem·

123 2155 215 2228 pore
243 2156 316 2203 csse
342 2131 468 2204 soleret
483 2131 517 2221 ’).

177 2272 288 2344 Porro
326 2270 387 2344 illa
424 2296 541 2344 rerum
575 2271 783 2369 cognitionis
819 2271 1000 2358 affirmatio
1038 2270 1139 2343 nobis

138 2451 191 2537 '¹)
212 2475 278 2529 nst.
297 2474 342 2529 na.
360 2474 397 2529 v.
416 2492 474 2546 cap.
492 2475 515 2530 1.
535 2492 594 2546 pag.
616 2475 670 2535 ⁵72
689 2475 732 2530 ar.
750 2477 821 2530 nnn.
840 2493 927 2546 rupa

163 2577 190 2645 ²)
212 2581 255 2637 Sic
284 2580 362 2636 etiam
392 2579 504 2635 aunone
532 2580 722 2651 interpretandi
750 2581 845 2635 modus
872 2580 914 2635 hic
941 2580 993 2636 illio
1011 2599 1066 2635 non
1083 2581 1139 2635 eine

121 2685 328 2758 reprehensione
346 2693 398 2750 eet,
427 2703 489 2739 nam
507 2693 570 2740 sunt
588 2685 639 2739 loci
658 2686 742 2748 citati,
772 2686 817 2756 qui
837 2686 940 2756 proprie
958 2703 1013 2740 non
1033 2686 1066 2739 ad
1085 2702 1139 2739 rem

121 2799 250 2862 spectant
268 2789 390 2860 quidem,
409 2808 500 2844 verum
519 2790 598 2844 modo
616 2790 856 2844 accommodantur.

162 2889 190 2958 8)
212 2894 255 2949 Sic
271 2894 424 2949 Lactantius
440 2911 495 2948 nou
515 2893 623 2948 credidit
641 2893 790 2964 hutipodee
806 2910 869 2948 esee.
895 2893 969 2948 Haec
978 2893 1139 2964 enimipsiua
1183 2913 1185 2917 ·

122 3000 209 3054 verba
223 2999 330 3069 propria
347 2998 397 3053 hac
416 2999 449 3053 de
465 3016 493 3053 re
512 3007 591 3053 eunt:
612 2998 695 3070 „quid
712 2997 763 3062 issi,
783 2997 829 3069 qni
845 2998 1052 3053 eeaccoutrarios
1062 2998 1138 3053 vesti·

121 3103 176 3175 giis
195 3103 292 3158 nostrie
311 3102 458 3174 Antipodee
478 3106 592 3174 putant?
621 3103 693 3157 Num
712 3102 810 3174 aliquid
830 3102 996 3173 loquuntur?
1026 3104 1082 3156 Aut
1100 3112 1139 3157 cet

122 3207 269 3278 quiequam
287 3216 342 3261 tam
359 3207 481 3278 ineptus,
501 3206 548 3278 qui
567 3206 655 3262 credat
673 3223 728 3260 ease
747 3205 875 3269 homines,
900 3223 1011 3277 quorum
1030 3205 1139 3277 vestigia

122 3319 190 3366 runt
219 3311 368 3382 superiora,
397 3328 477 3382 quern
505 3310 610 3382 capital
650 3313 707 3365 hut
725 3310 775 3374 ibi,
794 3329 861 3382 qnae
879 3312 951 3382 apud
971 3328 1021 3365 noa
1035 3311 1137 3380 jacent,

122 3413 231 3471 inversa
263 3415 394 3487 penderet
433 3415 520 3487 srngee
548 3424 575 3471 et
602 3416 707 3470 arborea
735 3416 855 3470 deorsum
884 3433 972 3470 verene
1008 3417 1138 3471 cresceret

123 3518 231 3589 pluvie·
251 3529 278 3574 et
296 3521 370 3575 nivea
397 3529 423 3575 et
451 3520 592 3593 grandines
619 3539 722 3576 rursum
750 3538 840 3575 verena
862 3520 954 3576 radere
972 3520 1000 3574 in
1018 3521 1138 3576 terram.'’

125 3623 195 3680 lnrt.
215 3624 261 3679 lib.
282 3624 321 3679 111
341 3643 397 3696 cap.
417 3627 454 3680 24
473 3625 532 3680 init.
551 3625 612 3681 vide
630 3625 709 3681 etiam
729 3626 800 3697 Epit.
819 3625 865 3680 39.
878 3655 916 3667 -
934 3624 992 3694 „of
1006 3625 1046 3679 hie
1064 3624 1138 3679 chro-

123 3728 259 3801 nological
278 3731 331 3784 and
351 3729 539 3802 philosophicel
559 3748 656 3795 emori,
680 3730 805 3802 carehrlly
825 3731 992 3785 enumeratcd
1012 3730 1048 3802 hy
1066 3747 1138 3783 oan-

124 3850 224 3891 mue
251 3834 304 3888 and
331 3834 406 3889 other
434 3843 649 3897 commentatore,
678 3835 700 3889 it
727 3852 810 3889 aeeme
827 3834 941 3906 scarcely
960 3834 1043 3889 worth
1063 3833 1139 3888 while

126 3947 156 3993 to
176 3939 238 3993 take
258 3939 335 3993 much
355 3939 450 3997 notice.
489 3940 562 4012 'l'hey
582 3957 662 4009 prove
690 3941 749 3995 that
767 3940 812 3995 the
830 3940 962 3994 literature
981 3938 1013 3993 of
1027 3940 1071 3993 the
1090 3958 1139 4010 age

128 4059 183 4099 war
207 4053 255 4097 not
277 4045 421 4098 accumte.”
461 4044 646 4100 Mounrarn:
676 4044 816 4116 Summary
843 4045 876 4097 os
901 4045 944 4099 the
963 4044 1091 4113 Writinge
1109 4046 1139 4098 ot

129 4146 203 4203 lact
224 4164 284 4219 pag.
304 4146 343 4203 XI
362 4147 390 4202 in
408 4149 469 4203 flue.
