2792 5150
733 465 777 535 82

253 669 348 767 guit;
385 695 474 769 quae
510 672 613 747 ambo
644 680 686 746 ut
718 673 793 772 ipse
823 681 987 761 testatur,
1022 673 1119 749 Deus
1154 674 1266 760 fecit,

254 836 362 909 eaque
387 815 521 901 omnia,
548 815 678 912 quibus
703 815 872 903 fruimur,
899 841 941 889 ex
967 841 1008 889 eo
1033 840 1110 889 orsa
1134 842 1212 890 esse
1226 820 1266 907 ¹).

253 953 391 1027 Deinde
428 956 549 1029 statuit
583 956 701 1030 Deum
737 957 858 1031 fecisse
895 957 1089 1046 diabolum,
1123 959 1268 1056 inquo

252 1095 406 1195 primum
438 1097 573 1171 indoles
605 1099 743 1172 divinae
776 1101 892 1198 stirpis
924 1101 1056 1198 viguit3
1088 1101 1269 1198 quivero

254 1263 318 1311 suo
343 1238 486 1312 arbitrio
511 1241 724 1314 contrarium
749 1242 817 1314 sibi
842 1266 968 1315 nomen
992 1242 1155 1330 adscivit,
1175 1267 1268 1341 quo·

254 1381 349 1453 niam
374 1406 415 1454 ex
439 1382 532 1455 bono
557 1408 620 1481 per
644 1407 680 1456 se
704 1383 818 1457 malus
847 1385 991 1457 effectus
1015 1393 1088 1457 erat
1099 1386 1135 1474 ⁸).

303 1521 435 1595 Eodem
470 1523 574 1595 modo
606 1523 682 1620 ejus
721 1524 907 1641 opiniones
935 1524 979 1597 de
1008 1524 1094 1598 Jeau
1120 1525 1266 1598 Christo

255 1663 387 1761 ubique
410 1664 481 1737 fere
502 1656 695 1738 contrariae
715 1676 798 1738 sunt
818 1665 994 1739 doctrinae
1015 1666 1111 1739 illius
1131 1678 1264 1752 sectae,

256 1805 320 1879 ubi
348 1830 473 1905 nempe
505 1808 626 1881 asserit
655 1833 737 1881 eum
767 1833 868 1881 carne
896 1808 1062 1882 indutum
1090 1808 1197 1882 fuisse
1225 1818 1266 1882 et

255 1949 291 2021 in
317 1973 357 2021 ea
381 1959 503 2022 natum
515 1949 557 2039 ');
576 1975 729 2047 eumque
750 1974 820 2022 non
837 1950 873 2023 in
891 1951 1021 2023 virtute
1038 1950 1262 2048 angelorum,

255 2090 315 2162 sed
340 2090 377 2162 in
402 2091 515 2187 figura
542 2090 692 2163 hominis
721 2100 869 2164 mortem
895 2092 1085 2190 suscepisse
1096 2095 1138 2182 ⁴):
1171 2118 1264 2190 quae

256 2231 338 2303 satis
360 2231 579 2305 abundanter
604 2231 794 2305 ostendunt
814 2232 1126 2307 lactantiumnon
1145 2235 1263 2332 putari

255 2398 355 2473 posse
368 2384 479 2446 sectae
493 2373 779 2448 Manichaeorum
791 2374 972 2448 addictum
984 2376 1090 2449 fuisse
1102 2378 1136 2467 ⁸).
1162 2377 1262 2467 Quae

256 2515 426 2589 sententia
446 2539 487 2589 eo
508 2539 649 2612 quoque
671 2515 877 2602 affirmatur,
896 2516 993 2614 quod
1006 2516 1259 2615 Hieronymus,

255 2658 479 2755 Augustinus
508 2657 637 2753 aliique
668 2657 885 2755 antiquitatis
913 2660 1097 2758 scriptores
1126 2660 1190 2734 hac
1215 2659 1259 2733 de

294 2957 317 3024 Ι)
337 2961 426 3031 „Deus
444 2978 506 3032 ergo
525 2959 578 3014 veri
596 2958 676 3030 patrie
695 2956 781 3014 officio
799 2959 907 3014 functus
925 2969 972 3015 est.
1000 2961 1060 3032 lpse
1075 2979 1172 3033 eorpus
1187 2960 1258 3016 affin·

255 3065 306 3129 xit,
325 3064 381 3135 ipse
400 3064 529 3128 animum,
553 3064 606 3136 qna
624 3062 766 3134 spiramus,
785 3064 891 3118 infudit.
917 3065 991 3120 Illius
1008 3074 1048 3119 est
1066 3074 1166 3132 tomm,
1182 3066 1257 3137 quid·

256 3170 320 3241 quid
339 3171 453 3224 rumus.’'
490 3168 673 3228 lnst.lib.11.
693 3190 751 3243 cap.
773 3174 804 3225 ll
825 3172 875 3226 rub
893 3172 982 3226 tinem.

294 3269 646 3347 fflmfflstwd

293 3374 317 3443 8)
338 3380 401 3435 Inst.
420 3380 466 3438 lib.
485 3381 534 3435 IV.
554 3399 611 3453 cap.
631 3384 681 3446 26,
701 3380 746 3437 lib.
765 3381 799 3435 11.
818 3399 876 3451 cap.
899 3381 947 3445 ll,
967 3381 1011 3436 lib.
1031 3381 1079 3435 lv.
1099 3398 1157 3452 cap.
1179 3382 1222 3435 la.

294 3483 319 3550 4)
338 3487 403 3542 Inst.
422 3486 467 3542 lib.
487 3486 536 3541 IV.
555 3504 613 3556 cap.
636 3486 805 3546 10111.;111).
826 3486 874 3540 IV.
894 3504 951 3556 cap.
972 3488 1022 3546 25;
1047 3484 1117 3556 Epic
1137 3502 1195 3556 cap.
1216 3485 1257 3538 50.

294 3587 318 3655 ⁸)
338 3593 514 3679 9,0111111111
532 3590 569 3645 ita
588 3591 653 3656 sint,
673 3608 727 3645 non
746 3602 834 3645 tamen
854 3590 1033 3645 vetustissimis
1051 3567 1185 3644 haereticis
1203 3590 1259 3644 Ma·

256 3670 454 3767 1111111111ιί
479 3696 569 3767 paullo
590 3705 652 3752 ante
670 3704 790 3767 tempora
814 3695 945 3751 Lactantii
962 3696 1020 3750 nati
1037 3703 1113 3760 sunt,
1133 3711 1258 3748 annume-

256 3803 355 3857 randus
373 3812 414 3857 est
431 3800 592 3858 Lactantius.
621 3801 659 3856 Hi
676 3800 745 3855 enim
764 3801 819 3854 duo
837 3800 966 3871 principia
985 3808 1122 3855 coaeterna
1135 3808 1258 3858 statuere,

257 3908 358 3964 bonum
377 3919 404 3961 et
422 3906 528 3962 malum.
567 3906 720 3962 1111111ῐὶ111
738 3922 800 3960 vero
818 3905 915 3960 malum
933 3904 967 3960 ab
986 3913 1092 3960 aeterno
1111 3922 1165 3959 non
1183 3903 1260 3958 fnisse

257 4012 360 4076 asserit,
380 4012 433 4072 effi,
444 4011 570 4083 originem
588 4010 710 4066 1111111111
724 4010 752 4064 in
769 4020 885 4081 tempore
899 4010 1061 4065 confirmat.'’
1081 4010 1187 4073 Prin,
1199 4008 1257 4061 diss.

258 4118 338 4189 prael.
356 4135 384 4172 n.
405 4119 449 4171 al.
469 4136 529 4190 pag.
549 4117 594 4177 27.
