2792 5150
716 533 762 602 38

237 738 280 810 iis
297 738 544 837 experiendum
561 749 666 826 esset,
688 740 891 813 Scholarum
916 741 1122 838 sapientiam
1148 767 1248 839 prae-

236 880 408 955 dicatione
433 883 545 955 crucis
574 882 759 956 stultitiam
786 883 911 955 factam
937 908 1028 969 esse,
1060 883 1244 956 silentium

236 1032 354 1097 tenere
378 1026 571 1123 potuissent
588 1027 637 1117 ¹)?
686 1026 799 1117 Quid!
834 1025 930 1122 quod
967 1026 1089 1124 populi
1127 1027 1242 1123 magis

236 1167 415 1264 magisque
452 1177 531 1241 ante
569 1167 688 1241 oculos
725 1167 899 1239 habebant
931 1167 1098 1239 sacrificia
1129 1167 1241 1240 inter-

233 1317 338 1405 rupta
363 1317 467 1406 atque
493 1309 613 1382 altaria
637 1308 772 1396 relicta,
798 1333 914 1381 nonne
938 1309 1021 1381 haec
1048 1309 1165 1382 omnia
1188 1317 1243 1382 tot

235 1448 327 1522 mala
360 1450 476 1522 omina
504 1475 611 1525 novae
636 1450 796 1546 religioni
820 1451 978 1540 eranth?
1028 1449 1124 1522 Hinc
1150 1475 1236 1546 quo·

236 1616 305 1688 que
333 1591 492 1664 crudeles
508 1591 601 1664 ,istae
625 1593 882 1691 persecutiones
905 1592 1178 1691 Imperatorum,
1207 1600 1243 1664 et

236 1757 343 1831 quam
380 1734 529 1806 maxime
558 1733 785 1820 Diocletiani,
813 1734 850 1806 in
881 1733 1009 1807 Christi
1032 1743 1240 1819 sectatores3

236 1873 318 1947 hinc
362 1874 420 1946 isti
468 1874 676 1973 sapientium
725 1874 836 1946 libelli
879 1873 1084 1946 calumniosi
1121 1883 1242 1945 contra

235 2015 393 2088 homines
425 2016 596 2102 insontes3
626 2017 708 2089 hinc
741 2015 863 2114 populi
896 2015 1017 2088 odium
1042 2039 1124 2112 erga
1147 2015 1242 2112 pacis

241 2159 413 2231 studiosos
438 2168 473 2231 et
501 2168 669 2245 amantes,
704 2159 875 2255 originem
908 2158 1093 2230 duxeruut.
1144 2158 1242 2248 Quas

236 2301 414 2400 opiniones
445 2301 637 2398 suspicaces
662 2301 868 2386 Christiani,
895 2300 1011 2396 quoad
1035 2301 1152 2397 ipsum
1178 2301 1241 2372 im-

236 2443 391 2542 perium,
430 2441 628 2516 obedientia
667 2443 788 2540 legum
832 2444 972 2539 vitaque
1018 2443 1242 2538 integerrime

236 2595 328 2673 acta3
356 2586 470 2683 quoad
495 2587 752 2684 persecutiones
778 2595 915 2672 autem,
942 2585 1136 2658 constantia
1158 2586 1243 2660 fidei

237 2728 413 2827 animique
434 2728 675 2825 magnitudine
695 2739 847 2801 avertere
872 2728 1096 2801 conabantur.
1136 2728 1242 2818 Quod

237 2870 361 2955 etium,
386 2870 518 2942 ratione
542 2869 660 2942 habita
680 2871 914 2942 sanctissimae
938 2895 1021 2943 suae
1047 2870 1240 2967 religionis,

237 3011 496 3112 aphilosophis
521 3011 666 3109 aliisque
691 3012 907 3112 sapientibus
933 3022 1171 3110 oppugnatae,
1193 3013 1241 3085 f-

274 3328 296 3395 ¹)
317 3333 424 3401 „Quum
444 3332 513 3386 enim
535 3332 569 3387 sit
590 3331 666 3386 nobis
685 3332 781 3386 divinis
799 3332 891 3386 litteris
912 3332 1050 3397 traditum,
1070 3332 1241 3404 cogitationes

234 3436 449 3508 philosophorum
475 3436 568 3491 stultus
586 3454 652 3495 esre,
671 3436 698 3490 id
717 3435 804 3506 ipsun
822 3455 850 3491 re
869 3444 895 3491 et
914 3437 1073 3508 argumentis
1091 3437 1239 3491 docendum

233 3543 297 3600 est.”
335 3539 408 3600 Laut.
429 3541 489 3597 Div.
509 3541 707 3598 resalium.
727 3558 785 3611 cap.
809 3542 831 3595 l.

269 3643 294 3707 ²)
313 3649 381 3716 „Les
399 3646 538 3700 anciennes
557 3664 696 3717 oroyunces
716 3646 753 3699 du
774 3645 959 3716 polytheisme‚
974 3657 1000 3700 et
1018 3655 1105 3701 tontes
1119 3646 1156 3701 les
1165 3646 1239 3701 iusti-

230 3753 343 3815 tutions,
373 3752 419 3823 qui
442 3752 480 3823 s'y
503 3752 675 3814 attacheient,
705 3751 803 3805 etaient
829 3752 969 3805 fortement
994 3751 1135 3806 ebraulees.
1174 3753 1238 3807 Nou

228 3858 372 3914 seulement
394 3857 432 3911 les
450 3857 576 3914 sacrifices
595 3858 683 3911 fur-ent
702 3858 876 3926 iuterrompus
896 3866 922 3912 et
942 3856 979 3910 les
998 3856 1082 3911 autels
1101 3857 1238 3912 abundon-

228 3964 288 4029 161,
313 3965 378 4018 mais
402 3972 463 4018 tous
488 3963 524 4018 les
547 3971 668 4035 rapports
686 3963 794 4018 sooiuux
813 3962 972 4034 changes-eut
991 3963 1024 4018 de
1042 3963 1112 4027 faee;
1132 3962 1169 4017 les
1186 3963 1238 4020 lois

227 4077 254 4124 et
276 4070 314 4125 les
339 4089 453 4132 moeurs,
481 4071 518 4125 les
543 4070 655 4124 scienees
683 4078 710 4123 et
732 4069 769 4123 les
795 4078 848 4122 aras
872 4066 991 4123 subirent
1006 4086 1044 4122 11
1062 4069 1238 4140 chungement

228 4175 367 4255 complet.”
385 4177 624 4236 Haussrrumn'r:
635 4176 735 4231 Etudes
748 4193 793 4233 111
802 4176 945 4239 manee,
955 4192 983 4248 p.
996 4175 1023 4240 l,
1033 4173 1145 4230 Strassb.
1154 4172 1227 4236 1837
1229 4218 1236 4232 .
