2792 5150
766 512 812 586 70

283 746 356 797 sese
373 724 587 821 distinguere
604 723 820 822 eloquenti&
839 725 1027 811 suavitate,
1046 750 1184 823 quares
1197 726 1238 798 in
1251 723 1294 798 iis

281 873 444 938 tractatae
469 873 550 938 sunt
557 900 565 951 ;
593 874 696 964 atque
723 865 874 963 eleganti
900 865 1051 953 ratione,
1078 883 1149 965 qua
1166 867 1296 939 verita·

280 1015 353 1080 tem
378 1008 553 1105 exposuit,
581 1016 621 1080 ut
642 1007 848 1104 aequalibus
864 1009 974 1106 prosit
990 1007 1150 1081 defensor
1156 1042 1164 1094 ;
1183 1016 1296 1105 atque

278 1147 376 1221 illius
401 1173 471 1221 non
497 1148 617 1221 mirari
642 1173 713 1221 non
738 1149 911 1246 possimus
933 1148 1110 1222 doctrinae
1126 1149 1295 1222 Christia-

280 1314 344 1363 nae
370 1290 623 1364 excellentiam.
676 1290 773 1363 Hinc
798 1291 932 1364 auctori
956 1289 1063 1364 libuit
1087 1316 1127 1364 ea
1148 1301 1295 1365 tantum

281 1456 398 1506 rerum
423 1434 535 1530 capita
550 1433 740 1530 attingere,
760 1433 889 1531 quibus
906 1433 1083 1507 doctrinae
1104 1433 1202 1507 illius
1222 1459 1295 1506 me-

281 1575 346 1647 rita
387 1599 469 1674 prae
509 1574 739 1647 Ethnicorum
776 1574 946 1672 religione
985 1576 1133 1662 enitere,
1178 1599 1294 1673 eaque

280 1716 356 1814 ipsa
377 1715 566 1813 jucundior
592 1741 631 1788 ao
655 1716 787 1814 gratior
806 1715 1010 1789 adversariis
1031 1741 1197 1814 apparere
1215 1741 1294 1815 pos·

280 1867 340 1931 set.
380 1859 478 1950 Quae
504 1858 622 1931 omnia
647 1883 689 1930 ex
717 1857 944 1954 sequentibus
961 1857 1043 1929 satis
1061 1857 1292 1930 illustrabun-

279 2010 356 2088 tur,
390 2001 614 2075 efferentibus
644 2000 882 2074 emolumenta
912 2001 1088 2074 doctrinae
1112 2001 1291 2087 coelestis,

278 2144 411 2217 ratione
448 2145 566 2217 habita
602 2144 799 2217 animorum
830 2152 864 2216 et
897 2143 995 2216 vitae.
1049 2143 1139 2230 „Dei
1168 2153 1292 2218 autem

253 2316 254 2319 ¹
278 2295 461 2386 praecepta
485 2331 534 2341 -
560 2287 608 2360 sic
633 2286 750 2399 influit
773 2328 823 2339 -
847 2285 930 2382 quia
954 2284 1126 2382 simplicia
1151 2294 1187 2358 et
1206 2309 1290 2358 vera

278 2440 378 2517 sunt,
405 2440 577 2528 quantum
602 2430 739 2503 valeant
763 2429 799 2502 in
825 2428 960 2501 animos
980 2429 1185 2516 hominum,
1203 2454 1290 2528 quo·

278 2572 411 2646 tidiana
435 2573 670 2671 experimenta
695 2571 944 2645 demonstrant.
979 2571 1035 2644 Da
1051 2571 1137 2645 mihi
1153 2572 1287 2658 virum,

277 2717 339 2815 qui
372 2717 417 2789 sit
446 2716 654 2801 iracundus,
681 2713 892 2800 maledicus
920 2713 1124 2801 effrenatus3
1151 2715 1287 2813 paucis·

278 2858 374 2931 simis
391 2858 459 2930 Dei
475 2856 589 2929 verbis
606 2864 678 2928 tam
694 2855 874 2953 placidum
891 2879 997 2952 quam
1014 2879 1115 2928 ovem
1127 2855 1284 2929 reddam.

276 2999 333 3073 Da
369 3000 557 3098 cupidum,
596 3023 757 3084 avarum,
795 3007 971 3084 tenacem;
1003 2998 1075 3094 jam
1104 2998 1171 3071 tibi
1202 3024 1285 3072 eum

276 3142 456 3216 liberalem
482 3143 573 3217 dabo
599 3152 634 3215 et
657 3142 843 3240 pecuniam
871 3165 970 3213 suam
991 3140 1104 3239 plenis
1121 3142 1286 3216 manibus

273 3284 493 3383 largientem.
544 3284 600 3356 Da
628 3283 808 3356 crudelem
838 3292 873 3356 et
906 3281 1086 3379 sanguinis
1121 3290 1284 3380 appeten·

274 3436 366 3529 tem,
398 3428 470 3525 jam
502 3427 539 3499 in
573 3450 689 3499 veram
714 3424 935 3498 clementiam
959 3423 1057 3496 furor
1079 3422 1146 3496 iste
1171 3431 1283 3496 muta·

274 3569 380 3642 bitur.
432 3568 488 3640 Da
524 3568 720 3665 injustum,
757 3566 1002 3664 insipientem,
1040 3574 1281 3663 peccatorem

274 3711 441 3784 continuo
460 3719 494 3785 et
517 3736 650 3808 aequus
671 3720 707 3783 et
730 3710 885 3809 prudens
897 3717 935 3782 et
961 3709 1128 3781 innocens
1144 3709 1231 3782 erit’'
1247 3710 1280 3799 ²).

324 3854 463 3946 Quibus
496 3854 601 3928 rebus
634 3854 671 3927 in
709 3851 912 3926 memoriam
949 3851 1134 3937 revocatio,
1167 3851 1282 3949 iisque

315 4158 1093 4240 Umffifflffiwffimwffim
