2792 5150
580 1167 844 1249 CAPUT
894 1169 950 1251 11.

469 1446 663 1497 moraniur
690 1446 799 1496 naulo
825 1445 1065 1497 rnuououlca.

687 1798 851 1828 QG*-

313 2098 451 2187 Quibus
475 2099 580 2172 rebus
613 2099 803 2184 absolutis,
836 2123 932 2172 nunc
963 2098 1180 2171 occasionem
1209 2098 1282 2170 ha-

265 2239 390 2312 hemus
425 2239 605 2336 judicandi
643 2241 687 2313 dc
725 2241 876 2313 auctoris
903 2241 1037 2313 ratione
1066 2239 1279 2335 theologica.

267 2381 381 2471 Quam
407 2391 586 2478 tamquam
614 2383 960 2455 bestialior-ethicam
982 2381 1012 2453 si
1033 2380 1278 2479 depingimus,

267 2524 444 2621 quisnam,
470 2524 642 2598 lactantii
666 2524 830 2623 operibns
850 2524 949 2598 lectis
974 2524 1151 2622 hujusque
1171 2523 1280 2597 theo-

266 2665 362 2762 logia
396 2674 595 2763 pcrspecta,
627 2690 766 2739 mecum
798 2666 910 2740 facere
947 2666 1109 2740 dubitet?
1167 2664 1280 2755 Quod

267 2816 383 2880 tamen
410 2815 451 2879 ut·
475 2807 639 2881 omnihus
667 2806 866 2881 luculenter
894 2817 1026 2906 pateat,
1058 2807 1174 2904 quoad
1198 2832 1279 2904 pos-

269 2972 410 3033 sumus,
439 2947 586 3045 probare
615 2947 829 3020 conabimur.

317 3089 518 3163 Lactantius
543 3088 579 3161 in
606 3088 769 3162 ecclesiae
795 3089 976 3162 serviendo
1002 3089 1069 3163 sihi
1093 3088 1280 3187 proposuit

268 3230 392 3304 merita
428 3230 623 3328 Religionis
660 3230 894 3316 Christianae,
930 3256 1040 3328 eaque
1070 3231 1277 3316 aesthctica,

268 3397 332 3472 pro
370 3373 501 3446 viribus
537 3373 574 3445 in
612 3371 771 3470 apricum
808 3372 970 3470 proferre.
1018 3372 1060 3444 Id
1090 3372 1279 3470 praecipue
1383 3381 1384 3402 ³

271 3522 366 3612 patet
391 3540 433 3587 cx
456 3514 519 3600 iis,
546 3538 634 3610 quae
661 3514 799 3611 scripsit
821 3513 865 3586 de
890 3514 1073 3611 temporis,
1099 3537 1171 3610 quo
1186 3513 1278 3584 vive·
1383 3559 1384 3562 =

271 3657 351 3741 bat,
378 3655 529 3741 ratione,
555 3656 655 3753 cujus
679 3656 818 3753 inopiae
844 3655 1037 3728 satisfacere
1066 3653 1189 3727 voluit.
1242 3651 1279 3724 Si

271 3800 431 3874 homines
465 3799 571 3896 hujus
604 3799 770 3896 temporis
798 3798 888 3871 nihil
913 3823 1036 3871 verum
1058 3797 1276 3896 putaverint,

272 3942 339 4015 nisi
373 3942 467 4039 quod
493 3942 616 4014 auditu
645 3966 749 4014 snare
781 3940 844 4027 sit,
878 3939 965 4012 nihil
999 3938 1183 4024 credibile,
1210 3936 1277 4010 nisi
1383 3927 1384 3992 l

273 4085 367 4184 quod
400 4083 519 4157 afferat.
540 4082 754 4181 voluptatem
760 4118 768 4169 ;
796 4106 898 4155 nemo
923 4107 997 4154 rem
1021 4080 1164 4153 veritato
1189 4103 1274 4177 pon·
