2792 5150
730 518 800 586 104

259 723 356 799 Deus
380 735 433 797 est
457 725 615 798 Christus
631 750 742 823 aeque
766 752 807 799 aa
827 726 949 813 homo;
972 735 1179 825 potestatem
1198 728 1271 800 Dei

257 866 363 940 habet
394 875 429 939 et
460 868 664 966 patientiam
692 868 843 941 hominis
873 893 1094 968 summopere
1120 861 1271 943 moralis

259 1009 420 1107 possidet.
478 1010 558 1083 Hoc
581 1035 665 1085 sane
684 1010 898 1109 principium
919 1011 1014 1085 haud
1030 1012 1201 1084 minorem
1218 1011 1271 1084 lo·

259 1176 341 1225 cum
370 1161 465 1226 tenet
493 1153 530 1226 in
561 1152 693 1226 Christi
722 1153 937 1251 apparitione
961 1153 998 1226 in
1029 1163 1139 1239 terra,
1171 1155 1272 1250 quod

259 1296 440 1368 Lactantio
475 1295 582 1368 simul
616 1296 798 1369 materiam
827 1297 971 1394 praebet
999 1296 1180 1395 probando
1208 1320 1272 1368 ne-

260 1438 452 1511 cessitatem
471 1437 539 1510 Dei
554 1437 707 1510 hominis
722 1437 815 1510 facti.
851 1437 956 1528 Quod
977 1437 1121 1534 quidem
1138 1438 1175 1511 in
1192 1446 1273 1512 toto

260 1579 389 1652 Christi
406 1604 510 1678 opere
527 1588 562 1652 et
577 1580 649 1652 vita
665 1580 729 1652 hac
746 1580 784 1652 in
804 1589 895 1653 terra
912 1604 1022 1676 aeque
1035 1580 1271 1679 persequitur.

309 1720 441 1794 Eadem
466 1721 552 1801 ratio
578 1721 690 1794 ethica
713 1733 846 1807 manet,
869 1720 932 1793 ubi
952 1721 1186 1820 poenitentiae
1203 1747 1276 1794 no-

226 1936 230 1945 ,
261 1863 392 1935 tionem
418 1863 620 1936 Lactantius
642 1862 818 1936 describit.
852 1863 958 1961 Apud
976 1888 1057 1936 eum
1073 1863 1173 1936 nulla
1188 1864 1276 1960 qui·

260 2004 341 2077 dem
362 2004 507 2086 eeclesia
521 2013 572 2077 est
585 2004 659 2077 sine
671 2004 889 2102 poenitentia
894 2038 903 2092 3
921 2005 1027 2101 hujus
1041 2014 1159 2078 autem
1171 2005 1276 2078 verbi

261 2146 312 2219 vis
336 2155 409 2219 tam
433 2155 574 2219 strenue
598 2156 765 2243 urgetur,
793 2156 834 2218 111
858 2155 997 2219 tantum
1024 2147 1070 2219 ad
1087 2147 1194 2220 vitam
1217 2147 1275 2220 in·

261 2298 395 2362 ternam
420 2289 606 2375 referatur,
637 2312 745 2386 quare
773 2312 838 2360 vox
862 2288 986 2361 Latina
1011 2289 1043 2361 ei
1065 2314 1192 2387 parum
1216 2313 1275 2362 sa·

262 2431 398 2504 tisfaoit.
449 2430 565 2521 Quam
600 2430 645 2502 ob
675 2454 834 2502 caussam
870 2430 965 2502 haud
1003 2431 1079 2504 sine
1109 2432 1276 2506 acumine

261 2574 438 2674 exposuit,
464 2573 631 2647 virtutem
657 2573 732 2646 sine
759 2573 887 2671 pietate
906 2572 1042 2647 nullam
1064 2599 1138 2647 esse
1155 2585 1191 2647 et
1205 2574 1277 2649 im-

260 2716 481 2790 mortalitatis
513 2741 610 2815 spem
632 2717 835 2790 hominibus
862 2743 936 2791 esse
965 2717 1045 2791 ideo
1067 2717 1276 2816 praesertim

169 2829 172 2834 ⁴
262 2859 505 2945 neeessariam,
531 2868 572 2931 ut
597 2858 765 2932 virtutem
786 2859 976 2933 studiosius
1000 2859 1126 2932 colant.

309 3003 492 3100 Denique,
522 3026 739 3099 quamquam
766 3002 877 3075 multa
902 3001 946 3075 ad
972 3001 1167 3100 pleniorem
1192 3001 1276 3075 reli-

193 3117 198 3124 *
262 3147 375 3245 3111111
400 3145 615 3219 Christianae
648 3145 895 3243 expositionem
928 3144 1023 3243 apud
1048 3144 1276 3218 Lactantium

262 3290 521 3376 desiderantur,
549 3288 582 3361 ei
607 3295 761 3361 attamen
784 3288 869 3361 haee
889 3288 967 3360 laus
984 3286 1150 3373 debetur,
1174 3289 1275 3384 quod

261 3443 356 3507 certo
388 3433 483 3506 haud
510 3431 628 3505 minus
652 3430 803 3529 diligens
827 3431 911 3518 fnit,
937 3454 1044 3527 quarn
1068 3429 1194 3502 caeteri
1219 3454 1276 3502 ec-

262 3576 388 3650 clesiae
412 3574 576 3671 antiquae
613 3573 839 3672 Apologetae.
897 3572 996 3663 Quae
1033 3571 1174 3644 assertio
1198 3595 1274 3643 non

262 3718 367 3791 modo
388 3716 479 3790 valet
500 3717 544 3790 de
570 3716 770 3790 defensione
792 3739 893 3789 verae
917 3714 1195 3788 Christianorum
1220 3739 1275 3786 re-

261 3861 419 3959 ligionis,
445 3884 568 3933 verum
593 3860 700 3933 etiam
719 3859 763 3932 de
782 3858 888 3931 modo
906 3883 977 3955 quo
993 3857 1082 3929 hano
1100 3856 1273 3955 exposuit.

712 4150 830 4176 ⁸¹00*-
