2792 5150
604 499 672 568 103

102 711 296 784 conatum
322 704 419 802 quod
443 705 487 778 ad
508 706 694 780 consilium
710 709 967 804 assequendum
985 720 1138 785 mentem

103 845 255 942 dirigit
288 845 326 919 in
363 845 487 920 Jesum
519 847 718 935 Christum,
757 858 924 947 tanquam
964 851 1141 926 doctorem

102 988 239 1085 hujus
269 989 409 1063 virtutis
439 1000 475 1063 et
496 990 651 1087 justitiae
676 1002 945 1093 praeceptorem.
984 995 1036 1068 Ex
1056 997 1142 1092 'qui-

103 1130 187 1204 bus
226 1129 395 1205 omnibus
423 1140 502 1207 tuto
527 1132 787 1221 concludimus,
819 1136 998 1209 Lactantio
1029 1138 1141 1234 magis

106 1273 238 1346 vitam
273 1296 380 1368 quam
417 1271 610 1346 doctrinam
644 1275 741 1348 cordi
773 1275 881 1349 fuisse
901 1277 941 1349 ‘iu
972 1276 1141 1374 religione

104 1416 130 1488 J
132 1440 209 1489 esu
233 1414 364 1488 Christi
379 1416 657 1491 commendanda
672 1426 779 1515 atque
795 1419 1008 1517 exponenda.
1042 1420 1139 1512 Quin

112 1557 266 1631 Christi
298 1557 408 1656 ipsius
445 1584 539 1632 mors
575 1560 669 1657 apud
706 1585 788 1633 eum
826 1562 933 1634 talem
970 1562 1139 1636 rationem

107 1700 293 1787 exhibet;
342 1725 552 1798 quamquam
602 1703 894 1775 consentiendum
933 1712 1008 1790 est,
1047 1703 1141 1778 hunc

109 1843 170 1916 rei
210 1851 394 1943 aspectum
427 1842 669 1917 verosimiliter
701 1844 864 1918 Auctoris
901 1845 1025 1942 gentili
1058 1846 1142 1920 edu·

110 1987 261 2060 cationi
284 1987 549 2061 attribuendum
575 2012 668 2074 esse,
697 2012 763 2060 nec
789 2012 860 2060 non
889 1988 1048 2087 exemplo
1076 1990 1142 2062 for-

111 2138 218 2202 tasse
252 2128 483 2202 Ethnicorum
519 2128 830 2227 philosophorum,
869 2129 961 2203 sicut
993 2129 1141 2203 Socratis

110 2271 364 2368 aliorumque,
391 2296 479 2369 quos
504 2279 599 2344 certo
615 2272 735 2367 magni
752 2272 843 2345 fecit.
875 2273 1072 2357 Praeterea,
1090 2299 1140 2346 ra·

111 2413 221 2485 tione
251 2412 370 2485 habito
394 2412 571 2485 doctrinae
592 2413 635 2485 de
652 2414 744 2500 Deo,
770 2439 907 2510 semper
931 2414 1136 2512 primarium

111 2554 245 2628 locum
274 2556 369 2654 apud
403 2556 625 2629 Lacte-otium
657 2566 753 2631 tenet
783 2556 944 2655 Supremi
970 2557 1136 2632 Numinis

114 2674 263 2783 unitas,
304 2722 410 2795 quarn
446 2705 566 2770 contra
600 2698 878 2792 Polythe‘r'smnm
911 2697 1138 2771 Ethnicorum

116 2840 380 2913 studiosissime
404 2839 570 2913 defendit.
622 2839 728 2930 Quod
751 2840 895 2938 quidem
917 2849 1038 2913 contra
1054 2840 1138 2914 dua·

115 2982 271 3054 lismum
297 2981 584 3054 Manichaeorum
601 2981 677 3078 ejus
693 2982 816 3054 aetatis
833 3006 902 3054 non
920 2982 995 3055 sine
1012 2982 1137 3055 effectu

117 3131 211 3195 erat.
239 3122 370 3196 Eadem
396 3123 530 3198 ratione
547 3123 688 3219 egregio
706 3124 812 3195 modo
829 3124 931 3197 nobis
948 3124 995 3196 ob
1018 3123 1138 3198 oculos

118 3264 228 3362 ponit
252 3264 320 3336 Dei
343 3264 529 3351 attributa,
556 3266 687 3362 quibus
713 3266 779 3340 rite
804 3265 1014 3339 adorationis
1041 3265 1135 3363 obje-

120 3415 225 3479 ctum
238 3406 343 3478 fit—
355 3405 480 3496 Quoad
493 3416 610 3484 autern
623 3407 909 3502 Ohristologiam,
924 3408 946 3478 J
948 3432 1027 3480 esus
1041 3407 1137 3480 Chri·

121 3556 202 3618 stus
219 3545 489 3622 fundamentum
506 3546 717 3643 Theologiae
734 3556 795 3620 est.
831 3548 872 3619 In
891 3572 932 3620 eo
948 3548 1024 3646 ipso
1043 3548 1137 3621 enim

120 3688 357 3786 principium,
387 3699 429 3762 ut
458 3689 508 3761 ita
531 3690 664 3776 dicam,
690 3690 845 3763 ethicum
871 3697 905 3761 et
931 3689 1137 3786 religiosum

123 3857 233 3905 suum
249 3832 403 3906 fulcrum
421 3832 555 3906 obtinet
572 3844 607 3907 et
619 3834 875 3931 pulcherrimae
887 3833 1137 3929 congruentiae

124 3977 307 4049 rationem.
353 3976 488 4049 Natura
512 3977 631 4049 divina
656 3985 691 4049 et
714 3977 867 4049 humana
891 3978 928 4048 in
951 4000 1007 4062 eo,
1026 4001 1136 4073 aequa

125 4106 262 4178 ratione
283 4113 317 4176 et
338 4104 537 4178 harmonice
554 4115 801 4201 congruentes,
819 4105 1024 4202 conjunctae
1040 4112 1134 4178 sunt.
