2792 5150
258 571 281 615 X

296 754 399 831 Regiae
426 755 606 816 Taurinensis
632 757 736 818 Codice
766 763 844 817 eruta
873 764 957 838 atque
984 761 1144 831 emendata,
1173 761 1273 821 addite

295 878 487 939 dissertatione
507 882 710 959 praeliminari,
732 882 775 942 ed.
797 900 971 945 camerone.
984 903 1096 946 uarum
1111 903 1268 958 ramanus,

295 1003 423 1074 Parisiis,
458 1004 533 1083 apud
566 1006 627 1065 Joh.
662 1007 833 1083 Baptismam
861 1007 1019 1086 Delespine.
1050 1008 1140 1079 1712,
1168 1009 1199 1067 in
1228 1007 1268 1068 8⁰.

295 1127 347 1186 vol.
368 1128 392 1186 Ι.

253 1253 429 1329 dyrmoeicm,
450 1253 508 1310 sire
528 1258 639 1312 centurn
660 1255 863 1331 epigrammata
883 1255 1007 1314 tristieha
1027 1255 1197 1334 aenigmata;
1219 1257 1268 1314 cni

296 1374 413 1434 editioni
439 1376 546 1452 adjecta
574 1383 615 1435 est
642 1376 885 1436 dissertatiuncula
910 1385 1005 1438 contra
1029 1381 1093 1438 Nic.
1113 1380 1270 1450 Nurrium,

296 1497 399 1557 librum
426 1498 461 1557 de
487 1500 627 1558 Mortibus
646 1500 858 1559 Persecutorum
879 1502 1025 1560 Lactantio
1046 1501 1268 1579 abjudicantem,

296 1623 417 1701 itemque
448 1624 573 1701 symbola
600 1624 694 1683 critice
723 1623 759 1681 ed
786 1624 977 1695 Lactantium,
1002 1625 1044 1683 ed.
1066 1625 1168 1685 Christ.
1190 1627 1271 1702 Aug.

297 1762 490 1816 nucumve,
515 1748 714 1817 Hannonem,
735 1748 811 1824 apud
833 1748 894 1806 Nic.
914 1749 1105 1819 Foersterum,
1129 1749 1213 1809 1722.

261 1872 371 1928 Carmen
397 1871 430 1928 de
447 1871 574 1946 phoenice
601 1869 636 1927 ad
664 1870 753 1929 Codd.
780 1870 916 1949 quosdam
940 1871 1018 1930 MSS.
1039 1878 1122 1930 antea
1141 1872 1269 1930 nondum

297 1994 413 2052 collatos
440 1998 600 2071 veteresque
621 1993 756 2052 editiones
776 1995 915 2053 recensuit
937 2002 964 2052 et
987 2014 1052 2054 cum
1071 1995 1198 2053 lectionis
1219 2015 1265 2053 vc·

297 2117 397 2195 rietate
423 2116 512 2176 edidit
542 2133 697 2176 succursus
726 2134 868 2187 uanum,
898 2118 968 2176 Phil.
1002 2120 1048 2177 Dr.
1071 2119 1261 2196 Lunaeburgi,

296 2242 371 2319 apud
392 2241 548 2300 Heroldum
569 2251 596 2300 et
616 2242 820 2300 Wahlstabium
844 2244 933 2301 1828.

300 2424 343 2483 Ad
373 2425 543 2483 secundarios
574 2425 664 2483 fontes
695 2425 785 2482 refero
815 2431 957 2494 auctores,
987 2426 1036 2503 qui
1060 2426 1094 2482 de
1118 2425 1264 2483 Lactantio

257 2549 393 2629 quaedam
415 2550 516 2628 scripta
536 2550 730 2628 protulerunt,
752 2567 808 2627 quo
829 2549 986 2627 pertinent:

255 2719 321 2776 lon.
341 2735 409 2776 rue.
429 2734 538 2786 ranas,
561 2717 717 2776 dissertatio
738 2716 773 2774 de
794 2716 864 2775 Stilo
884 2717 1021 2775 Lactamfi
1036 2716 1184 2786 Firmium,
1201 2736 1265 2775 con·

296 2842 387 2901 tincns
408 2861 469 2919 pag.
491 2844 537 2901 32.
557 2841 600 2900 cd.
621 2841 710 2898 Halae
730 2840 963 2915 Magdeburgicee
987 2840 1079 2909 1702,
1100 2840 1129 2897 in
1151 2839 1188 2897 4⁰.

257 2966 375 3024 Marcu.
395 2981 454 3024 rue.
474 2980 643 3034 Koureour,
663 2963 728 3023 diss.
743 2963 777 3021 de
794 2962 925 3022 Cicerone
941 2962 1099 3022 Christiano
1114 2964 1268 3022 Lactantio.

298 3093 412 3151 Giessee
434 3090 525 3160 1711,
547 3091 576 3149 iu
598 3090 634 3149 4⁰.

256 3216 294 3276 M.
321 3232 424 3274 noacfl.
450 3231 525 3273 suar.
546 3230 619 3283 nau,
639 3213 766 3271 Diatribe
786 3212 1122 3290 historico-philosophica
1143 3211 1178 3269 de
1199 3210 1267 3269 Phi-

295 3339 422 3415 losophia
443 3338 521 3397 Lucii
543 3336 656 3396 Caecilii
676 3337 815 3395 Lactantii
836 3337 986 3406 Firmiani,
1006 3335 1050 3394 ed,
1074 3337 1160 3394 Jenae
1177 3336 1264 3405 1733,

297 3465 326 3521 in
349 3466 385 3522 8⁰.

258 3574 343 3632 rann.
373 3587 522 3631 wrananu.
552 3587 600 3630 en.
627 3586 751 3640 aunon,
778 3570 852 3628 Dias.
880 3570 912 3628 L.
940 3568 1028 3628 Goelii
1051 3570 1187 3628 Lactantii
1208 3569 1267 3627 Fir·

297 3696 382 3754 mieni
409 3695 555 3772 opiniones
582 3694 616 3751 de
643 3694 789 3769 Religione
815 3693 844 3750 in
871 3694 997 3768 Systema
1017 3690 1146 3768 redigens
1160 3738 1168 3762 ,
1182 3691 1266 3751 sectio

298 3822 399 3898 prime,
420 3821 568 3878 continens
587 3838 649 3897 pag.
672 3822 724 3885 553
747 3816 790 3877 ed.
813 3818 923 3892 Erlang.
947 3816 1143 3886 lutumst

259 3948 295 4005 ll.
322 3964 344 4005 J.
372 3962 501 4015 aelurus,
530 3945 603 4004 Diss.
631 3944 666 4001 de
690 3942 786 4001 Pretio
816 3941 1044 4000 Institutionibus
1074 3940 1183 3999 Divinis
1214 3940 1267 3998 La·

298 4069 395 4129 ctentii
425 4030 588 4139 statuendo,
616 4068 762 4126 continens
789 4049 851 4143 peg.
875 4068 945 4135 134,
969 4064 1012 4122 ed.
1032 4063 1164 4140 Lugduni
1185 4063 1266 4121 Bata·

299 4216 395 4256 rorum
420 4198 509 4267 1828,
531 4195 559 4252 in
583 4192 618 4253 8⁰.
639 4194 727 4269 (lectu
748 4190 943 4267 dignissimum
964 4191 1055 4267 opus.)
