2792 5150
733 553 779 618 aa

250 767 563 855 eonammaataeqae
595 763 756 845 virtutae,
793 758 864 831 sive
898 763 963 831 vim
997 762 1111 844 illam,
1146 763 1206 832 cai
1229 769 1270 832 et

243 903 462 994 providentia
487 904 706 997 eaeeyitandi
737 905 844 986 ineat,
870 909 904 973 et
929 904 1069 974 solertia
1088 910 1269 997 pateatne·

248 1067 313 1138 que
331 1045 494 1129 faciendi
509 1043 542 1131 ¹).
594 1042 660 1115 Ille
690 1042 789 1116 Deus
823 1042 1011 1142 spiritualis
1046 1044 1266 1130 substantia,

248 1208 392 1282 empore
425 1209 562 1269 carens,
589 1209 695 1281 quam
721 1194 839 1257 mente
863 1194 1001 1258 tantum
1026 1186 1157 1258 intueri
1181 1211 1264 1284 pos·

248 1350 389 1411 sumus,
415 1326 588 1422 perfectus
614 1333 666 1397 eet
691 1334 796 1424 atque
817 1334 980 1399 aeternus
995 1328 1030 1416 ¹).
1068 1327 1227 1425 Nequef
1251 1370 1265 1383 ·

249 1476 347 1540 etum
372 1468 514 1541 Numen
541 1478 610 1554 est;
638 1493 678 1541 ex
710 1494 745 1540 se
771 1469 847 1566 ipso
870 1476 939 1555 est,
966 1470 1154 1543 etidcirco
1179 1468 1266 1543 talis

250 1617 319 1695 est,
346 1609 485 1706 qualem
509 1634 545 1682 se
574 1635 648 1682 esse
674 1609 804 1697 voluit,
830 1611 1071 1709 impassibilia,
1098 1612 1266 1684 immuta·

249 1749 345 1836 bilis,
367 1750 605 1848 incorruptus,
631 1751 756 1824 beatus
769 1753 804 1840 ⁸).
857 1751 958 1824 Nulli
983 1752 1033 1825 rei
1058 1752 1263 1849 subjmtm,

249 1894 310 1966 sed
344 1894 503 1966 omnium
535 1894 813 1992 potentissimae,
844 1920 884 1967 ex
916 1919 987 1992 quo
1012 1896 1128 1968 omnia
1157 1904 1263 1983 sunt,

249 2060 362 2134 eoque
385 2035 461 2133 ipso
486 2036 563 2108 fons
588 2036 762 2109 bonorum
778 2038 812 2124 ⁴).

296 2177 395 2251 Idem
428 2177 603 2251 mundum
635 2203 676 2251 ex
710 2176 821 2250 nihilo
861 2177 962 2263 feeit,
1004 2178 1265 2275 materiamque

248 2345 290 2393 ex
327 2345 387 2405 e0,
427 2320 523 2417 quod
559 2345 629 2393 non
660 2329 732 2407 est,
769 2321 986 2419 praeparavit
1002 2321 1037 2410 ⁵).
1089 2320 1266 2393 Condidit

248 2462 423 2535 mundum
444 2487 514 2535 non
536 2488 613 2549 sua,
641 2464 703 2536 sed
728 2462 960 2536 animantium
985 2487 1122 2549 caussa,
1148 2472 1264 2537 eaete-

247 2631 372 2705 rosque
398 2607 591 2681 animantes
615 2616 758 2706 pmpter
778 2608 973 2693 hominem,
987 2632 1094 2705 quem
1111 2632 1153 2679 ex
1169 2607 1263 2682 limo

247 2759 357 2823 terrae
381 2750 557 2838 formavit,
583 2760 624 2824 nt
648 2752 739 2825 vitae
751 2777 833 2824 suae
850 2760 1028 2825 auctorem
1045 2750 1204 2823 adoraret
1218 2752 1257 2841 ⁸).

288 3043 311 3108 ¹)
331 3046 391 3101 Div.
411 3047 477 3101 lunt.
497 3046 541 3101 lib.
562 3047 583 3100 l.
604 3065 662 3119 cap.
682 3050 714 3108 3;
734 3045 780 3101 lib.
800 3047 834 3101 ll.
855 3065 912 3118 eap.
932 3049 959 3100 8.

285 3147 310 3215 2)
331 3151 674 3222 Div.1nst.1ib.11.oep.
697 3153 725 3215 l,
748 3156 776 3214 5,
795 3151 827 3213 9;
845 3151 891 3206 hh
911 3150 974 3205 VII.
992 3168 1050 3221 cap.
1069 3154 1101 3214 3,
1118 3150 1144 3204 9.
1165 3151 1192 3203 2.

283 3252 309 3322 ⁸)
329 3258 388 3313 niv.
407 3258 472 3311 lnat.
491 3255 537 3312 lib.
557 3257 592 3311 ll.
611 3274 670 3328 cap.
692 3260 717 3310 5.

282 3358 306 3426 4)
327 3362 388 3417 Div.
407 3363 472 3416 Inst.
492 3361 537 3416 lib.
557 3362 578 3415 1.
597 3380 655 3433 cap.
674 3366 704 3425 3;
724 3361 770 3414 lib.
789 3362 824 3415 ΙΙ.
843 3379 900 3431 cap.
923 3365 951 3422 5,
972 3363 1004 3422 8;
1023 3359 1132 3430 aliisque
1150 3359 1222 3413 loeis.

283 3464 308 3528 ὅ)
329 3468 390 3523 Dia.
418 3467 484 3521 lnnt.
511 3467 557 3521 lib.
577 3467 611 3521 ll.
631 3484 689 3537 etp.
710 3469 740 3530 8,
761 3467 787 3519 9.
807 3496 845 3505 -·
868 3466 953 3532 „Gott
970 3464 1050 3519 achuf
1066 3464 1136 3519 diese
1155 3465 1258 3520 Welts·

246 3574 277 3628 0.
307 3575 337 3636 8,
367 3590 408 3626 wo
427 3590 454 3626 er
472 3571 588 3643 angleich
608 3570 689 3642 zaim,
716 3572 776 3625 daea
803 3569 845 3624 dia
864 3569 936 3624 Welt
954 3586 1002 3624 aus
1019 3568 1094 3623 nieht
1113 3569 1256 3624 ersnhaffen

168 3691 171 3698 '
245 3678 293 3742 ist,
322 3678 377 3732 und
405 3677 481 3732 keine
510 3677 619 3733 Materie
639 3677 707 3730 dnzu
732 3692 889 3746 genommen
915 3676 1019 3736 wurde;
1040 3674 1092 3745 vgl.
1112 3674 1183 3743 Epit.
1204 3676 1241 3735 27
1250 3700 1256 3737 ;

245 3801 273 3839 er
293 3791 352 3853 negt
370 3781 566 3844 auudriieklica
586 3782 645 3834 dass
664 3782 732 3835 Gott
750 3779 814 3833 alles
831 3778 933 3833 machte
953 3778 1008 3832 und
1027 3779 1086 3832 dass
1104 3778 1191 3832 nichts
1209 3780 1256 3836 int.

246 3906 299 3941 was
316 3888 390 3942 nicht
409 3905 461 3941 von
481 3887 548 3942 nott
566 3886 655 3942 aeinen
677 3886 814 3956 Ursprung
833 3884 903 3939 hat.'‘
933 3883 1150 3938 Gonnwnnznn:
1163 3884 1258 3938 Patro·

244 3993 313 4064 logie
332 3992 484 4048 verbunden
505 3991 553 4046 mit
572 3991 705 4046 Patristik.
727 4008 786 4061 pag.
807 3989 870 4049 257.
891 3988 942 4042 vol.
957 3988 978 4041 1.
1000 3987 1149 4059 Niimberg.
1173 3989 1256 4045 1834.

284 4092 309 4156 ⁶)
329 4097 390 4151 Div.
410 4097 475 4151 Inst.
496 4096 541 4150 lib.
562 4095 623 4152 v11.
643 4113 701 4167 cap.
722 4098 751 4157 4,
773 4099 802 4156 53
822 4093 867 4147 lib.
888 4094 920 4147 de
939 4094 981 4147 Ira
1000 4091 1063 4155 Dei,
1083 4109 1105 4145 e.
1125 4093 1165 4145 13.
1189 4093 1257 4160 „Ni-

245 4201 282 4263 hil
301 4201 373 4260 aliud
394 4201 544 4266 adoremus,
563 4201 629 4260 nihil
647 4201 776 4265 coleman
796 4199 951 4255 anisolam
970 4197 1075 4254 artificis
1087 4197 1256 4274 parentisque
