2792 5150
660 439 703 511 51

164 669 259 718 rum
287 654 488 745 temporum
507 648 691 747 scriptores
720 674 814 737 esse,
839 649 902 747 qui
927 648 1099 722 Instantii
1123 674 1183 723 nu

166 787 240 859 stri
278 812 361 861 cum
398 788 503 864 lande
541 815 612 863 non
645 791 853 865 meminerit.
904 790 1071 881 Quamvis
1100 816 1182 864 eum

166 954 247 1003 non
279 932 499 1032 inculpatum
531 935 673 1007 omuino
706 934 857 1009 habeant
889 933 1019 1007 eruditi
1032 935 1073 1022 ¹),
1108 934 1183 1032 ejus

168 1081 293 1146 tamen
324 1075 555 1175 multiplicem
583 1077 797 1164 doctrinam,
824 1077 956 1149 variam
980 1077 1017 1149 in
1043 1100 1080 1148 re
1106 1101 1183 1175 pre

168 1215 255 1288 fana
280 1217 531 1307 eruditionem,
557 1245 731 1292 summum
757 1219 898 1294 taudem
923 1218 998 1316 ejus
1019 1217 1182 1314 eloquen-

168 1358 259 1432 tiam
283 1360 484 1458 praedicant
509 1361 662 1435 omnes.''
677 1362 700 1453 ¹)

641 1621 659 1705 t
688 1619 723 1689 3.
793 1604 801 1617 ¹

489 1859 616 1931 Eorum
642 1859 858 1955 Eloquentia.

170 2055 175 2065 ’
220 2069 330 2142 Haud
347 2070 455 2144 dubie
468 2072 640 2145 Luctantii
652 2071 781 2169 scripta
792 2095 862 2142 non
881 2068 996 2142 solnm
1012 2066 1176 2139 materiae

166 2212 328 2286 doctrina
364 2240 483 2288 revera
520 2216 670 2300 enitent,
710 2238 830 2286 verum
869 2220 904 2284 et
936 2210 1074 2308 egregie
1103 2208 1176 2281 elc-

166 2355 303 2451 quendi
335 2357 440 2430 modo
473 2383 544 2455 quc
573 2357 767 2454 conscripta
792 2364 884 2427 sunt.
937 2353 1176 2459 Hieronymus

166 2495 298 2596 aliique
325 2498 465 2597 eloquio
493 2508 651 2600 potentes
675 2499 742 2571 viri
767 2496 882 2571 testati
907 2504 990 2567 sunt
1014 2517 1096 2565 enm
1122 2491 1176 2566 Ci-

166 2642 302 2714 ceronis
327 2641 562 2741 eloquentiam
585 2642 712 2716 referre
724 2642 757 2734 ⁸).
808 2641 933 2737 Neque
960 2638 1025 2710 hcc
1050 2635 1095 2710 ab
1116 2634 1175 2707 ali·

172 2833 364 2849 *—

207 2949 227 3011 ¹l
248 2950 316 3018 „Sed
344 2951 403 3004 ideo
423 2950 590 3006 Luctantium
608 2969 663 3005 uun
683 2949 847 3019 abjiciemus,
876 2957 903 3002 et
922 2946 1027 3000 mollius
1046 2943 1173 3013 interpre-

165 3061 265 3117 temur,
285 3054 390 3125 siquid
409 3056 517 3126 quaudo
542 3055 644 3126 scripsit
661 3056 805 3118 incautius,
834 3050 972 3106 ‹hffieulter
991 3048 1173 3110 dediscuntur,

167 3157 265 3228 quibus
283 3176 298 3211 a
318 3159 402 3229 primu
419 3168 504 3214 aetate
523 3160 624 3214 adsueti
643 3160 758 3213 sumus.''
797 3176 819 3213 s.
848 3175 877 3211 c.
901 3172 1028 3210 wuccn:
1057 3152 1174 3207 Distribe

168 3264 200 3317 de
221 3266 293 3319 Lact.
312 3275 362 3319 etc.
382 3284 442 3338 pag.
465 3269 508 3320 55.
528 3296 565 3307 -

204 3370 280 3440 „Ziju
308 3388 336 3423 er
363 3369 391 3424 in
419 3371 485 3440 sijue
504 3371 626 3426 schriften
655 3371 745 3441 eenige
771 3370 905 3440 duystere‚
924 3385 957 3421 en
977 3362 1173 3434 cnregtzinnige

165 3474 379 3545 vcorstellingeu,
398 3485 450 3529 wct
469 3485 536 3547 tuyn
555 3477 577 3530 is
596 3479 642 3540 'er,
662 3477 726 3530 duur
743 3493 809 3548 geeu
829 3473 952 3544 unkruyd
972 3472 999 3527 in
1015 3471 1055 3523 isl
1074 3467 1172 3538 bijscn·

166 3578 224 3641 der,
253 3577 290 3632 als
319 3596 348 3632 ze
376 3597 427 3634 van
456 3579 574 3642 iemnml,
602 3581 645 3634 dic
663 3581 691 3634 iu
712 3581 744 3633 dc
763 3579 907 3640 wildernis‚
936 3596 968 3631 en
988 3595 1053 3631 even
1072 3584 1121 3646 uyt
1139 3575 1172 3629 de

164 3682 291 3737 bcsschen
311 3701 344 3736 en
362 3684 489 3755 struykeu
509 3702 572 3738 vocr
591 3684 642 3738 deu
662 3685 714 3756 dag
732 3684 860 3756 gekomen
873 3683 908 3746 is,
922 3681 1051 3754 gebonwd
1062 3680 1172 3733 werdt.''

164 3806 204 3842 w.
224 3793 326 3843 cnvuz'
339 3789 490 3859 Kerkelijke
509 3791 667 3852 Oudheden‚
688 3808 747 3861 pcg.
769 3790 832 3850 673.
1192 3770 1195 3774 .

204 3888 228 3955 ²)
248 3894 295 3948 Du
314 3911 449 3948 unusne?
469 3895 496 3948 iu
516 3894 601 3949 Pmef.
622 3897 655 3948 ad
676 3897 748 3951 Lact.
769 3914 813 3965 op.
833 3913 893 3966 pag.
912 3893 1014 3950 XXVI.

202 3993 226 4058 ³)
247 3998 332 4066 „Quis
350 3999 421 4068 apud
440 4017 489 4053 nos
508 4017 563 4053 nou
583 4000 670 4055 vident
684 4018 739 4055 esse
748 4002 912 4063 Ciceronem,
927 4001 972 4055 scd
982 3999 1170 4062 Christianum,

163 4102 214 4157 hoc
232 4112 272 4156 est
290 4102 412 4173 aliquem,
434 4103 478 4174 qui
498 4121 557 4157 eum
577 4104 610 4157 ed
629 4103 725 4158 lineam
745 4105 886 4175 vivumque
905 4106 1073 4175 expresserit?
1104 4104 1171 4166 Quis
