2792 5150
604 521 650 592 79

111 729 236 803 siones
260 730 359 802 nixae
385 739 487 816 sunt,
513 730 571 802 vix
596 730 820 828 reperiuntur
835 732 880 804 ln
909 733 1054 806 vetustis
1079 756 1134 804 ex·

112 870 337 970 emplaribus
362 872 533 945 Lactantii
558 897 705 969 operum
729 881 765 946 et
788 882 956 970 apparent
976 874 1020 947 ab
1042 873 1132 972 opti·

114 1012 189 1086 mis
207 1012 456 1112 Manusoriptis
468 1012 658 1087 (lodicibus
672 1014 801 1087 deesse.
828 1014 947 1104 Quare
964 1024 1134 1111 putantur

114 1164 243 1253 postea
276 1154 321 1228 ab
353 1155 396 1228 iis
426 1180 499 1228 esse
524 1156 659 1244 adsuti,
690 1156 753 1253 qui
778 1156 861 1228 huic
886 1165 998 1229 sectae
1024 1156 1135 1230 dediti

114 1306 231 1371 erant.
283 1298 407 1395 Itaque
439 1297 505 1371 viri
542 1299 763 1395 gravissimae
800 1299 1016 1373 auctoritatis
1048 1299 1135 1375 tales

113 1437 217 1513 locos
241 1440 494 1539 proscriptione
521 1441 646 1538 dignos
672 1452 887 1515 censuerunt
911 1453 946 1516 et
969 1443 1074 1516 modo
1097 1444 1134 1515 in

114 1583 214 1655 notis
253 1607 375 1657 eorum
416 1583 630 1656 mentionem
670 1583 813 1657 faciunt.
865 1583 941 1671 Sic,
984 1583 1136 1684 exempli

115 1724 252 1820 gratia,
283 1724 333 1797 du
363 1724 526 1822 Fresnoy,
557 1726 606 1799 sio
633 1726 905 1813 Biinemannus,
933 1725 1135 1813 Walchius,

117 1863 254 1962 aliique
279 1889 400 1937 omnes
423 1865 461 1937 in
497 1865 569 1938 suis
595 1866 826 1954 editionibus,
858 1877 1031 1965 quatenus
1060 1890 1136 1940 rem

117 2004 290 2103 indagare
325 2007 507 2104 potuimus
518 2007 553 2097 ¹).
605 2007 767 2097 Quorum
804 2008 959 2106 primus,
1003 2009 1137 2083 ratione

118 2134 374 2246 habita‘hujus
399 2149 647 2237 accusationis,
674 2150 766 2223 inter
786 2150 854 2223 alia
871 2150 1012 2224 statuit:
1040 2151 1136 2238 „hae

117 2291 254 2363 etenim
269 2290 466 2388 impietates
483 2261 683 2390 saepissime
703 2300 840 2364 assutae
857 2293 969 2365 textui
986 2292 1134 2365 Lactan-

120 2433 241 2520 tiano,
268 2457 339 2505 non
365 2433 471 2506 modo
496 2433 705 2531 perturbant
731 2434 907 2532 scriptoris
924 2458 1135 2521 sermonem,

120 2576 366 2650 verumetiam
380 2577 455 2674 ejus
468 2576 647 2649 doctrinae
660 2574 764 2673 plane
777 2584 860 2648 sunt
872 2577 1086 2649 contrariae''
1100 2578 1135 2667 ⁸).

122 2719 265 2810 Quibus
282 2719 388 2792 rebus
404 2719 611 2805 observatis,
629 2717 785 2791 indicare
804 2718 1025 2804 conabimur,
1053 2743 1136 2815 quo

122 2861 231 2934 modo
255 2861 406 2934 auctoris
432 2860 611 2959 religionis
632 2860 813 2959 opiniones
830 2861 964 2934 huncce
983 2886 1136 2933 errorem

124 3004 324 3077 excludant.

126 3342 247 3395 passages
273 3325 301 3378 in
320 3324 361 3378 bis
381 3324 466 3378 works
483 3324 682 3393 ircosuspeeted
708 3323 740 3377 of
756 3323 808 3377 this
827 3342 912 3388 aaron
941 3342 1013 3378 some
1032 3323 1136 3379 learned

125 3448 186 3484 men
214 3447 257 3483 are
285 3429 317 3483 ol
342 3429 451 3502 opinion
479 3429 538 3483 that
555 3430 630 3483 those
653 3446 774 3501 passages
793 3447 836 3483 are
854 3438 903 3483 not
922 3429 1045 3499 genuine.
1085 3429 1136 3482 For

124 3534 210 3589 which
238 3551 330 3590 reason
359 3533 388 3588 in
416 3533 468 3592 late
495 3533 609 3587 editions
635 3532 697 3604 they
722 3551 765 3587 are
783 3533 915 3604 generally
934 3531 1024 3603 placed
1046 3541 1074 3587 at
1093 3532 1137 3587 the
1190 3588 1194 3598 ,

123 3641 227 3694 bottom
252 3640 284 3694 of
305 3641 349 3694 the
368 3658 447 3711 peges
466 3656 563 3711 among
583 3638 628 3693 the
647 3640 748 3693 notes.”
787 3640 952 3693 Lssonan:
981 3639 1037 3692 'l'he
1055 3638 1138 3692 aredi·

124 3745 200 3816 bility
219 3745 251 3799 of
266 3745 310 3799 the
330 3744 428 3815 Gospel
449 3744 558 3815 History
578 3753 627 3799 etc.
648 3762 709 3815 pag.
730 3744 765 3804 27
769 3749 793 3797 5.
816 3743 865 3797 vol.
885 3743 920 3797 ll.

165 3847 188 3917 ¹)
208 3850 277 3903 Vide
304 3850 373 3904 inter
401 3849 464 3904 alias
491 3849 634 3906 editionem
663 3865 830 3904 usonem
858 3865 967 3918 operum
992 3846 1138 3906 Lactantii,

125 3973 186 4027 pag.
209 3956 260 4009 156
280 3955 307 4009 in
326 3964 383 4009 not.
405 3960 422 4010 6
442 3956 495 4012 fere
514 3955 542 4009 in
561 3957 624 4010 fine.
640 3956 684 4010 ed.
705 3954 848 4023 Gottingae
871 3954 950 4014 1736.

164 4055 190 4121 ²)
210 4059 279 4112 Vide
304 4076 343 4115 ou
363 4076 517 4114 suessos:
547 4058 679 4113 Praedia
707 4060 780 4113 beot.
806 4076 866 4128 pag.
886 4056 961 4111 vul.
987 4055 1001 4119 ᾗ
1023 4055 1088 4109 x111
1109 4054 1136 4107 in

125 4166 187 4219 fine.
209 4164 258 4219 vol.
278 4164 299 4219 1.
