2792 5150
731 539 779 609 48

251 774 321 821 non
354 747 513 821 miranda
545 759 613 834 est,
643 773 755 845 quum
779 750 983 848 respicimus
1009 750 1054 823 ad
1079 751 1210 839 lentae,
1240 777 1264 824 e

251 888 380 987 quibus
398 897 518 962 auctor
535 889 571 961 in
584 890 749 988 operibus
762 892 836 963 suis
849 892 1106 965 conscribendis
1116 895 1264 966 haurire

250 1030 392 1104 solebat.
435 1031 507 1122 Qui
526 1032 620 1103 enim
637 1056 707 1103 non
725 1031 830 1104 modo
848 1032 986 1106 litterae
1002 1033 1123 1107 Sacrae
1141 1045 1261 1122 erant,

250 1197 373 1246 verum
398 1173 502 1245 etiam
528 1173 655 1271 scripta
674 1172 825 1246 aliorum
842 1174 1018 1247 doctrinae
1040 1176 1263 1250 Christianae

251 1316 492 1401 defensomm,
518 1323 622 1412 atque
647 1316 743 1388 haud
768 1317 948 1389 minimam
975 1327 1109 1415 partem
1134 1317 1262 1391 Ethni-

250 1485 372 1533 eorum
399 1467 581 1531 auctorum
605 1483 718 1557 opera.
757 1458 918 1549 Quorum
935 1460 1129 1557 primorum
1144 1459 1261 1535 Vetus

249 1601 388 1682 Foedus
427 1599 587 1673 videlicet
622 1601 655 1673 ei
680 1600 841 1698 praebuit.
866 1601 1047 1674 historiam
1073 1602 1261 1675 hominum

250 1744 505 1842 primaevorum
532 1751 637 1839 atque
666 1743 903 1816 Israelitamm
933 1743 1159 1831 narrandam;
1191 1770 1260 1818 nee

251 1912 320 1959 non
354 1887 389 1958 in
423 1885 594 1958 vaticiniis
626 1885 832 1958 adhibendis
862 1885 905 1959 de
930 1887 1114 1959 hominurn
1139 1887 1260 1959 Serva-

254 2039 326 2102 tore
362 2027 400 2100 id
438 2027 470 2099 ei
507 2027 633 2099 serviit.
685 2026 889 2123 Eodemque
922 2027 1027 2100 modo
1059 2027 1141 2101 libri
1164 2028 1260 2102 Novi

252 2171 433 2256 Foederis‚
460 2193 674 2267 quamquam
699 2194 770 2242 non
795 2170 882 2242 adeo
898 2170 1097 2266 frequenter
1113 2170 1154 2242 iis
1171 2196 1260 2244 usus

253 2322 318 2399 est,
345 2312 558 2411 Apologetoe
582 2311 668 2384 Jesu
694 2311 802 2384 vitam
839 2311 997 2409 factaque
1030 2312 1261 2386 describenda

251 2454 507 2554 praestiterunt.
559 2453 699 2525 Praeter
739 2451 818 2525 illas
867 2452 999 2526 litteras
1042 2453 1161 2527 Sauras
1203 2444 1260 2527 his

253 2597 288 2668 in
320 2596 456 2694 scriptis
486 2594 687 2667 adhibuisse
720 2618 803 2666 eum
832 2604 975 2693 apparet
999 2595 1261 2670 lucubrationes

253 2763 375 2812 eorum
399 2739 574 2823 virorum,
607 2738 670 2834 qui
705 2761 777 2810 sese
810 2737 986 2810 doctrinae
1018 2737 1176 2811 coelestis
1201 2738 1260 2811 de-

252 2880 407 2953 fensione
443 2880 493 2952 ita
530 2879 777 2964 distinxerant,
815 2889 857 2951 ut
892 2880 1017 2952 horum
1055 2888 1261 2977 argumenta

252 3020 406 3093 valerent
447 3020 688 3117 adaugendam
722 3021 839 3117 copiae
873 3021 1068 3094 doctrinam
1099 3021 1135 3092 in
1167 3020 1260 3093 Reli·

254 3165 358 3262 gione
370 3164 564 3237 Christiana
580 3162 792 3234 affirmanda.
831 3160 888 3233 Sic
913 3164 1162 3258 Apolayeticum
1179 3162 1259 3234 Ter-

253 3307 410 3394 tulliani,
454 3308 631 3379 Octum'nm
666 3304 818 3376 Minucii
856 3303 982 3377 Felicis
1018 3305 1199 3402 usurpavit
1214 3305 1257 3394 ¹)·;

253 3475 317 3523 uec
355 3451 471 3522 minus
508 3448 666 3544 cognitos
704 3446 827 3519 habuit
861 3445 1046 3544 Theophili
1078 3445 1187 3519 libros
1216 3445 1260 3518 ad

254 3591 470 3688 Autolycum
486 3592 521 3679 ³).
571 3590 696 3687 Neque
729 3588 896 3687 Cypriani
929 3588 1039 3662 oratio
1068 3588 1104 3660 in
1130 3588 1262 3668 Deme·

253 3735 426 3820 trionum,
465 3756 529 3805 nec
561 3731 805 3828 Asclepiades
840 3729 988 3802 Divinae
1021 3729 1263 3802 Providentiae

293 4065 316 4131 ¹)
335 4067 405 4123 Vide
422 4068 488 4122 Inrt.
507 4065 553 4122 lib.
572 4066 608 4120 V.
627 4082 685 4134 cap.
708 4065 737 4124 l,
757 4068 782 4118 4.

292 4167 316 4234 ²)
337 4173 405 4226 Vide
424 4172 488 4226 lust.
508 4169 553 4224 lib.
573 4170 594 4224 1.
614 4186 671 4240 ap.
692 4172 728 4222 23
748 4169 804 4222 init.
