2792 5150
765 504 810 576 72

280 736 387 810 quam
428 739 533 812 supra
577 714 830 806 indicavimus,
869 712 965 785 haud
1002 737 1126 811 parum
1152 710 1292 796 elucet,

278 854 446 928 affirmare
464 856 629 953 procedit.
668 853 718 926 Ut
742 853 937 927 doctrinam
955 853 1142 951 perfectam
1159 853 1294 950 profer·

277 1004 356 1082 ret,
367 1005 402 1070 et
417 997 614 1070 auctoritati
630 996 772 1069 coelesti
793 995 937 1093 parendi
956 994 1159 1067 hominibus
1176 994 1292 1091 impo-

277 1148 375 1211 neret
387 1138 550 1223 officium,
565 1139 797 1212 necessarium
811 1136 884 1209 erat
896 1145 937 1209 ut
950 1135 1062 1209 Filius
1076 1146 1165 1208 esset
1175 1136 1289 1208 Deus.

276 1276 409 1352 Verum
438 1290 480 1353 ut
509 1279 666 1377 exempla
691 1273 830 1352 virtutis
857 1277 1060 1351 hominibus
1085 1278 1291 1376 praeberet,

275 1429 311 1493 et
340 1404 521 1495 desideriis
546 1423 658 1496 camis
688 1422 849 1507 domitis,
880 1421 1040 1494 edoceret
1076 1445 1147 1493 non
1173 1445 1293 1493 neces·

274 1563 386 1639 sitatis
424 1588 497 1643 esse
534 1589 695 1662 peccare,
734 1562 795 1636 sed
821 1563 989 1662 propositi
1018 1587 1057 1635 ac
1081 1561 1292 1648 voluntatis

275 1703 380 1777 illum
408 1713 443 1777 et
466 1705 645 1779 hominem
666 1729 740 1778 esse
762 1704 927 1802 oportuit.
964 1704 1055 1778 Nam
1071 1705 1293 1802 quicumque

274 1846 528 1945 iispraecepta
555 1847 633 1933 dat,
664 1871 704 1919 ac
730 1870 844 1919 mores
868 1846 1017 1920 aliorum
1047 1847 1166 1942 fingit,
1194 1846 1293 1919 huno

275 1995 413 2085 oportet
437 1987 558 2060 eadem
583 1987 715 2072 facere,
741 1996 784 2059 ut
803 1987 942 2060 videant
959 1986 1019 2060 alii
1039 2012 1079 2059 ea
1095 1988 1172 2060 fieri
1187 2012 1293 2086 posse

277 2151 368 2224 quae
391 2129 567 2233 praecepit
577 2129 611 2219 ¹).
656 2130 701 2215 „J
704 2129 795 2201 ussit
817 2127 960 2225 igitur,''
979 2128 1026 2201 sic
1052 2139 1173 2201 auctor
1195 2129 1290 2227 ipse,
1385 2114 1386 2127 ἵ

278 2266 384 2369 ,Jeum
405 2268 572 2343 Summus
590 2270 692 2343 Pater
717 2268 926 2342 descendere
950 2269 987 2342 in
1011 2278 1158 2356 terram,
1177 2281 1212 2343 et
1225 2270 1290 2342 hu·
1385 2284 1386 2327 Ὺ

279 2435 423 2484 manum
444 2413 574 2510 'corpus
597 2411 765 2498 induere,
788 2420 829 2483 ut
854 2412 1052 2509 subjectum
1069 2412 1292 2509 passionibus
1385 2468 1386 2507 p

278 2553 408 2641 caruis,
439 2554 606 2628 virtutem
634 2579 673 2626 ac
703 2553 953 2653 poenitentiam
978 2580 1049 2627 non
1075 2553 1190 2627 solum
1215 2580 1292 2628 ver·
1385 2540 1386 2551 ἵ

187 2751 189 2756 «
267 2676 353 2782 ᾖε,
383 2696 445 2769 sed
475 2696 579 2769 etiam
609 2695 708 2768 factis
733 2696 915 2769 edoceret'’
929 2697 963 2787 ³).

193 2812 195 2816 ι
223 2873 226 2877 ·
305 2838 426 2943 Quae
446 2837 557 2935 igitur
578 2837 722 2910 assertio
744 2838 986 2932 nostramulto
998 2837 1125 2911 clarius
1142 2863 1291 2937 appare-

277 2981 345 3067 bit,
368 2980 401 3054 si
420 2989 616 3079 spectamus
629 2979 816 3053 adChristi
830 2989 980 3054 mortem
992 2981 1028 3053 iu
1042 3006 1154 3054 cruce.
1182 2982 1291 3054 Taoet

197 3197 201 3204 ,
277 3123 371 3217 enim
397 3133 518 3197 auctor
545 3124 589 3196 de
617 3124 692 3221 ejus
710 3123 880 3196 incarnati
900 3123 1031 3210 officio,
1053 3124 1148 3222 quod
1160 3124 1291 3197 dicitur

171 3314 174 3317 -
271 3239 505 3351 sacerdotale,
523 3289 594 3362 quo
607 3264 770 3338 Christus
782 3274 932 3337 mortem
944 3264 1053 3338 subiit
1064 3290 1127 3362 pro
1139 3266 1289 3364 peccatis

279 3406 472 3479 hominum.
512 3405 664 3478 Mortem
693 3406 803 3503 igitur
827 3406 993 3504 suscepit,
1019 3406 1068 3479 sic
1094 3406 1224 3503 arguit,
1250 3417 1290 3479 ut

280 3558 320 3621 ae
345 3572 486 3644 quoque
510 3572 573 3645 per
597 3548 764 3621 virtutem
794 3548 926 3621 domita
949 3556 1146 3645 resurgeret
1171 3559 1206 3621 et
1230 3550 1289 3622 ho

259 3730 270 3753 «ι
277 3689 365 3762 mini
391 3714 489 3788 spem
515 3690 849 3763 vincendaemortis
867 3690 1019 3777 afferret,
1033 3699 1068 3763 et
1080 3690 1291 3788 adpraemia

316 4031 339 4097 ¹)
359 4035 488 4090 Videatur
508 4035 571 4090 Div.
592 4035 658 4090 lost.
678 4035 724 4090 lib.
745 4035 795 4091 IV.
814 4053 873 4107 cap.
893 4039 938 4091 23.

316 4134 339 4207 ²)
357 4139 478 4211 Epitome
496 4157 554 4211 cap.
574 4143 619 4195 43.
639 4157 699 4211 pag.
721 4139 791 4201 1277
811 4139 840 4194 in
859 4142 913 4196 fine
934 4142 976 4196 ed.
996 4145 1065 4197 otiu.
1084 4141 1138 4198 vol.
1157 4143 1192 4198 11.
