2792 5150
751 519 797 591 16

266 725 419 826 scriptis,
437 726 613 826 quaejam
630 738 783 816 exstant,
800 729 1072 828 authenticaque
1087 730 1275 805 habentur.

265 871 364 963 Quae
393 896 434 944 eo
463 872 546 944 dare
573 871 698 945 ordine
722 872 947 959 conabimur,
978 898 1049 970 quo
1077 874 1277 973 conscripta

265 1024 358 1088 sunt.

315 1183 346 1230 a.
373 1158 477 1231 Mder
500 1161 541 1230 de
562 1160 693 1255 oppleto
718 1159 803 1244 Dei,
830 1183 892 1231 seu
918 1159 961 1231 de
976 1163 1191 1257 formatione
1214 1160 1277 1233 ho

266 1299 381 1372 minis.
436 1299 776 1373 Huncoe.eximium
801 1299 965 1372 libellum
994 1309 1113 1374 auctor
1139 1302 1277 1377 dedica-

264 1442 353 1516 verit
364 1443 605 1529 Demetriaco,
619 1467 727 1540 quem
744 1452 855 1516 artem
873 1442 1038 1516 docuerat
1055 1444 1274 1518 rhetoricam.

265 1584 358 1658 llum
382 1585 474 1659 circa
498 1610 630 1659 annum
657 1589 728 1659 310
754 1586 932 1685 scripsisse
954 1585 1093 1658 videtur
1116 1586 1276 1660 tristibus

265 1728 502 1827 temporibus,
529 1753 641 1826 quum
658 1728 900 1802 Diocletianus
916 1728 1077 1826 princeps
1095 1729 1276 1802 Romanus

268 1892 350 1967 erga
383 1870 521 1943 Fideles
549 1870 705 1945 saeviret.
756 1872 872 1963 Quem
905 1871 1055 1957 librum,
1095 1871 1147 1943 rri'
1161 1871 1274 1959 fallor,

267 2012 478 2111 composuit,
503 2013 707 2111 priusquam
739 2015 824 2087 Inst.
849 2014 994 2087 Divinas
1028 2014 1138 2087 edidit
1145 2049 1153 2101 ;
1193 2015 1276 2112 quia

267 2153 304 2226 in
332 2153 398 2226 boc
426 2154 610 2229 scribendo
637 2155 874 2229 meditabatur
903 2156 1081 2253 quoddam
1110 2125 1274 2230 volumen

268 2304 388 2368 eontra
411 2296 633 2396 philosophos
658 2307 694 2371 et
720 2300 764 2371 de
788 2298 850 2386 iis,
882 2323 972 2396 quae
996 2299 1041 2371 ad
1064 2298 1172 2371 vitam
1194 2299 1273 2372 bea·

268 2444 341 2509 tam
353 2447 520 2536 spectent.
548 2439 687 2530 Quibus
705 2441 868 2514 omnibus
884 2441 979 2514 haud
996 2440 1104 2514 dubie
1120 2441 1275 2514 indicare

268 2580 380 2653 voluit
396 2606 475 2655 suas
488 2584 649 2656 Institct.
663 2586 766 2656 libror
778 2592 902 2679 septem
908 2620 921 2668 ;
936 2583 1018 2657 libri
1033 2584 1127 2656 enim
1143 2584 1275 2682 priores

268 2731 389 2795 contra
424 2723 647 2822 philosophos
691 2750 767 2798 rem
803 2735 932 2823 agunt,
970 2725 1117 2799 ultimus
1155 2736 1274 2799 autem

269 2863 419 2963 scriptus
452 2874 505 2938 est
548 2866 592 2939 de
633 2865 705 2939 vita
742 2867 863 2954 beate,
890 2875 994 2965 atque
1027 2867 1201 2965 Apologia
1226 2876 1276 2940 est

268 3006 527 3095 Providentiae,
552 3033 661 3106 quem
686 3033 729 3082 ex
751 3010 909 3082 miranda
933 3010 1083 3082 hominis
1102 3018 1276 3083 structura

269 3149 495 3247 comprobare
520 3151 656 3225 studuit
689 3160 809 3224 contre
833 3151 1028 3225 doctrinam
1052 3152 1273 3251 philosopho·

269 3314 349 3363 rum
372 3291 636 3389 Epicureorum.
688 3294 769 3384 Quo
803 3293 841 3365 in
865 3292 957 3367 libro
981 3295 1094 3392 primo
1119 3293 1197 3367 looo
1222 3320 1273 3367 ra·

269 3431 360 3505 futat
395 3444 620 3532 argumenta,
658 3460 748 3532 quae
774 3434 917 3535 Epicuri
941 3443 1125 3509 sectatores
1156 3445 1275 3509 contra

269 3574 526 3649 Providentiam
541 3576 706 3650 Divinam
727 3578 848 3651 afferre
873 3577 1031 3651 solebant
1037 3612 1045 3664 ;
1073 3576 1215 3662 deinde,
1233 3602 1274 3650 ex

269 3717 420 3818 corporis
445 3718 589 3792 humani
616 3729 775 3793 anatome
808 3720 876 3793 Dei
901 3719 1104 3818 sapientiam
1128 3728 1275 3817 potesta·

269 3924 464 3935 ιιι-...Μ

269 4065 352 4118 pauca
379 4050 509 4121 scripsisse
527 4053 630 4116 dicitas,
654 4071 722 4122 quae
747 4053 775 4105 in
804 4070 899 4106 manus
925 4060 1029 4110 namtas
1055 4065 1111 4104 non
1137 4059 1274 4106 venerunt

268 4156 334 4225 Cap.
355 4158 400 4212 56.
