2792 5150
732 501 778 572 96

475 659 481 687 l

250 709 409 785 homines
442 712 641 786 nominatus
666 721 718 785 est
744 721 778 785 et
803 713 981 800 Christus,
1008 739 1097 812 quae
1123 725 1176 789 est
1201 741 1267 791 no·

252 854 399 926 minatio
423 855 602 953 potestatis
627 864 663 928 et
686 855 796 951 regni.
837 856 921 952 Ejus
949 858 1108 930 nativitas
1130 859 1265 956 duplex

252 1005 317 1082 est,
356 996 464 1069 altera
499 998 536 1069 in
573 996 721 1095 Spiritu,
740 1058 743 1059 f
760 996 868 1069 altera
900 998 937 1069 in
970 1023 1083 1071 carne.
1136 999 1263 1089 Quoad

251 1139 403 1236 priorem
442 1138 838 1237 incomprehensibiliter
872 1164 954 1212 cum
988 1164 1072 1212 voce
1104 1165 1143 1211 ac
1176 1165 1264 1213 sono

251 1306 294 1354 ex
326 1282 395 1354 Dei
425 1307 483 1354 ore
507 1282 691 1380 prooessit,
723 1282 813 1354 sicut
836 1281 1000 1368 verbum,
1026 1282 1122 1355 unde
1146 1308 1262 1355 sermo

250 1451 290 1499 aa
313 1426 459 1499 verbum
485 1426 553 1498 Dei
577 1434 818 1523 nuncupatur,
845 1420 976 1498 rectius
996 1434 1113 1497 tamen
1137 1424 1262 1523 λόγος

252 1569 348 1667 apud
373 1569 522 1641 Graecos
534 1569 587 1657 ¹).¹
620 1567 726 1658 Quod
763 1567 914 1664 pertinet
949 1567 995 1639 ad
1024 1567 1184 1652 alteram,
1216 1567 1262 1639 de

251 1713 386 1809 virgine
404 1721 507 1784 natus
524 1719 577 1784 est
593 1712 683 1783 sicut
699 1711 820 1797 home,
837 1710 875 1783 in
892 1710 1093 1784 conditione
1109 1673 1266 1785 mortali..

252 1855 367 1947 Quam
401 1855 447 1926 ob
480 1879 555 1927 rem
588 1855 679 1927 duae
708 1878 849 1952 quoque
874 1863 1018 1926 naturae
1042 1855 1078 1926 in
1105 1854 1262 1941 Christo,

251 1997 368 2070 divina
399 2022 524 2095 nempe
549 2006 586 2070 et
610 1996 764 2070 humana
789 1982 881 2069 sunt.
933 1997 1059 2070 Divina
1083 1997 1145 2069 illa
1167 2023 1265 2095 prae·

250 2139 352 2238 cipue
378 2165 419 2211 ex
445 2138 626 2237 operibus,
645 2138 825 2236 speciatim
842 2138 1038 2224 miraculis,
1056 2163 1145 2235 quae
1162 2138 1260 2226 fecit,

250 2281 411 2380 apparuit
435 2289 540 2379 atque
565 2304 668 2379 porro
687 2305 729 2353 ex
746 2280 790 2352 iis
805 2280 905 2378 ipsis,
924 2305 1014 2378 quae
1031 2280 1155 2367 Isaiae,
1175 2281 1263 2354 Hie-

249 2424 375 2496 remias
400 2433 436 2496 et
470 2422 623 2495 Davides
648 2423 692 2495 de
718 2423 855 2495 Christo
872 2424 1167 2521 praedicaverunt.
1207 2423 1265 2497 Sic

250 2565 402 2639 humana
426 2565 488 2639 illa
512 2593 553 2639 ex
577 2567 752 2665 passione,
771 2592 879 2664 quam
896 2566 1061 2664 pertulit,
1080 2567 1260 2666 apparuit,

250 2718 285 2781 et
303 2710 419 2796 exiis,
438 2733 527 2806 qnae
541 2709 729 2808 prophetae
743 2709 787 2781 de
800 2733 841 2781 eo
853 2708 1029 2781 vaticinati
1042 2720 1150 2782 erant.
1178 2710 1263 2783 Fuit

249 2852 367 2949 itaque
392 2849 489 2923 Dens
516 2858 549 2921 et
573 2850 694 2936 hom0,
716 2850 808 2922 inter
823 2850 941 2922 Deum
958 2859 1062 2946 atque
1079 2850 1259 2923 hominem

250 2993 421 3066 mediator
449 2991 678 3097 constitutus?
715 2991 810 3078 unde
841 3015 982 3088 quoque
1012 2992 1169 3088 μεσίτης
1199 3018 1260 3091 ap·

249 3136 400 3234 pellatur
412 3137 446 3226 ²).
497 3135 597 3226 Quae
632 3160 745 3232 quum
777 3135 827 3207 ita
860 3135 945 3221 sint,
993 3161 1076 3208 cum
1110 3137 1260 3210 dicimus

249 3280 367 3368 Deum
385 3279 524 3351 Patrem
537 3286 572 3351 et
584 3277 702 3350 Deum
715 3276 866 3365 Filium,
881 3303 995 3350 unum
1008 3287 1123 3350 tamen
1141 3279 1260 3352 Deum

249 3431 440 3516 utrumque
471 3419 688 3518 appellamus
699 3454 708 3506 3
743 3443 825 3490 nam
858 3419 961 3491 Pater
991 3419 1067 3491 sine
1101 3419 1191 3492 Filio
1224 3432 1260 3494 et

250 3561 360 3634 Filius
391 3558 464 3634 sine
490 3561 591 3633 Patre
617 3559 813 3657 nuncupari
837 3584 907 3631 non
933 3568 1057 3657 potest.
1109 3559 1260 3657 Utrique

249 3727 451 3789 anemone,
478 3727 570 3775 unus
588 3701 745 3799 spiritus,
763 3725 834 3772 una
850 3701 1045 3774 substantia
1062 3711 1134 3788 est,
1152 3726 1259 3798 quam

249 3846 294 3919 ob
318 3845 480 3917 intimam
505 3843 789 3942 conjunctionem
806 3868 899 3916 unus
917 3854 970 3916 est
987 3852 1167 3941 tamquam
1187 3844 1260 3917 duo

253 3995 442 4008 ...a-nn.-

288 4061 311 4126 ¹)
331 4063 393 4118 Div.
412 4063 477 4116 lnst.
497 4061 542 4115 lib.
562 4061 596 4115 ll.
616 4078 674 4131 cap.
695 4063 727 4124 8;
747 4060 792 4113 lib.
812 4060 862 4114 lv.
882 4077 939 4129 aap.
959 4060 1041 4115 6-9,

286 4163 310 4231 ²)
331 4168 396 4222 Div:
411 4168 477 4221 Inst.
499 4166 544 4221 lib.
563 4167 613 4220 lV.
633 4184 692 4237 cap.
714 4165 842 4227 13-15;·
860 4182 918 4234 cap.
940 4167 984 4219 25.
