2792 5150
633 541 653 608 5

127 747 423 846 philosophiaque
447 746 676 820 Ethnieorum
696 746 854 819 imbutus
875 746 952 820 fuit.
988 746 1055 819 Cui
1073 770 1146 819 sen·

129 890 267 962 tentiae
306 889 400 961 haud
444 914 569 988 parum
613 889 790 962 firmitatis
827 888 969 961 additur
1021 914 1062 961 ex
1105 914 1146 962 eo

130 1031 233 1129 quod
264 1031 339 1135 ipsc
363 1030 526 1128 profanae
551 1031 617 1103 arti
643 1029 812 1102 oratoriae
837 1055 873 1103 se
899 1030 1077 1104 addietum
1101 1031 1145 1105 sit

130 1173 335 1270 professus,
361 1172 490 1270 quippe
515 1173 577 1270 qui
602 1173 752 1246 fateatur
766 1199 802 1246 se
815 1174 860 1246 ad
873 1180 1032 1270 argutam
1046 1173 1145 1244 mali·

130 1314 223 1387 tiam
247 1315 395 1411 juvenes
420 1313 609 1386 erudivisse
625 1315 659 1404 ¹).
695 1314 815 1401 Adde,
842 1314 938 1412 quod
962 1340 1035 1387 sese
1054 1314 1146 1387 inter

132 1481 197 1528 eos
223 1479 428 1528 enumerare
453 1454 577 1541 soleat,
604 1455 685 1553 qui,
713 1456 857 1553 abjectis
874 1456 1064 1541 erroribus,
1091 1480 1145 1528 ve·

132 1622 213 1670 ram
238 1596 446 1694 religionem
471 1605 703 1696 susceperant.
738 1591 843 1688 Quod
859 1598 943 1670 facit
959 1598 1038 1670 niv.
1058 1598 1143 1671 Inst.

133 1737 200 1811 lib.
229 1740 268 1823 7,
295 1736 405 1835 capite
430 1737 576 1825 ultimo,
614 1738 734 1811 dicens
758 1739 850 1811 inter
874 1739 963 1813 alia:
998 1764 1145 1838 „super-

135 1889 210 1966 est,
236 1888 278 1953 ut
303 1876 524 1953 exhortemur
556 1906 677 1953 omnes
710 1882 755 1955 ad
784 1882 1039 1981 suscipiendam
1065 1909 1147 1956 oum

135 2047 220 2095 vera
257 2021 427 2119 religione
464 2022 685 2120 sapientiam,
725 2023 825 2121 cujus
857 2024 910 2097 vis
936 2034 970 2096 et
995 2024 1146 2097 officium

136 2166 177 2238 in
204 2189 246 2237 eo
270 2165 435 2249 vertitur,
461 2172 503 2236 ut
527 2166 735 2263 contemptis
759 2166 999 2252 terrestribus,
1027 2174 1062 2238 et
1086 2166 1145 2238 ab·

135 2307 242 2405 jectis
269 2304 461 2391 erroribus,
493 2305 624 2404 quibus
648 2314 750 2379 antea
774 2310 986 2408 tenebamur,
1019 2306 1148 2404 fragili·

138 2448 208 2520 bus
235 2449 439 2535 servientes,
466 2448 511 2520 ad
535 2455 674 2520 aeterna
699 2448 858 2521 coelestis
883 2449 1036 2521 thesauri
1052 2473 1149 2547 prae·

140 2591 211 2663 mia
236 2590 463 2687 diriperetur?
514 2590 581 2663 Cui
598 2592 769 2664 sententia
785 2616 904 2664 revera
927 2591 1023 2664 haud
1049 2616 1149 2664 secus

139 2732 255 2805 favere
293 2731 432 2805 videtur
473 2733 568 2830 quod
612 2732 679 2805 sub
726 2733 942 2806 Diocletiano
987 2697 1161 2807 Nicomess

134 2874 239 2947 ‘diam
276 2874 407 2947 accitus
445 2884 514 2962 est,
554 2874 616 2947 ubi
647 2883 756 2948 artem
782 2875 965 2948 oratoriam
999 2875 1147 2950 doceret.

144 3022 261 3107 Quam
287 3017 486 3115 opinionem
512 3018 676 3091 Gallaeus
709 3019 746 3091 in
776 3019 852 3115 ejus
885 3018 955 3090 vita
979 3018 1149 3091 lactantii

143 3160 346 3244 confirmat,
390 3183 454 3231 nec
504 3159 617 3231 multo
665 3158 768 3230 aliter
802 3158 1006 3255 judicarunt
1047 3159 1150 3231 Tille-

144 3307 243 3372 mont
265 3308 300 3372 et
322 3300 444 3397 Dupin
460 3300 493 3390 ¹).
524 3300 603 3390 Quo
621 3309 741 3374 autem
766 3308 921 3396 tempore
946 3299 991 3372 ad
1011 3299 1149 3396 religio·

144 3465 227 3514 nem
245 3441 477 3514 Christianam
499 3442 544 3514 sit
560 3466 762 3527 conversus,
781 3465 850 3513 non
869 3449 1011 3513 constat.
1046 3441 1150 3532 Quod

145 3591 264 3655 autem
278 3582 520 3655 verosimiliter
533 3609 575 3656 eo
589 3584 830 3681 temporefuit,
849 3582 1151 3680 quoNicomediae

145 3734 219 3796 erat
230 3723 428 3797 litterarum
436 3723 1053 3821 oratoriarumLatinarumprofessor
1061 3747 1152 3795 anno

149 3946 337 3960 -υ-α-Ω-

184 4076 208 4142 ¹)
230 4078 289 4133 Div.
309 4077 374 4133 lnst.
394 4078 411 4132 l.
423 4079 444 4132 l.
463 4095 520 4150 cap.
538 4079 636 4153 l,pe.g.
650 4082 673 4135 5.
694 4080 883 4135 Biincnauur
894 4081 944 4134 Ed.
956 4080 1058 4151 Lipsiae
1070 4078 1150 4140 1739.

185 4177 210 4243 ²)
229 4184 277 4242 Du
297 4200 363 4240 ens:
385 4184 514 4240 Nouvelle
533 4184 600 4240 Bibl.
621 4185 666 4238 des
686 4188 750 4238 Aut.
771 4184 840 4239 Eccl.
860 4203 921 4257 pag.
941 4186 1007 4250 209,
1027 4202 1054 4239 n.
1074 4186 1101 4242 b.
