2792 5150
599 514 645 584 oo

107 721 304 809 deruverit,
338 723 399 796 sed
431 732 572 808 oruatu;
604 723 684 821 quia
714 747 785 795 non
815 721 911 795 videt
941 746 1021 794 eum
1047 730 1128 794 ante

108 863 237 936 omnia
274 864 467 963 oportuisse
509 864 691 938 veritatem
730 863 907 961 eleganter
936 862 1127 961 exponere?

108 1000 145 1076 Si
177 1029 254 1078 non
287 1007 434 1080 credunt
468 1005 594 1079 divinis
631 1004 810 1091 mortales,
829 986 830 989 Ἴ
848 1004 930 1103 quia
959 1004 1040 1077 fuco
1070 1028 1127 1077 ca·

110 1156 211 1235 rent,
252 1173 368 1247 nequa
408 1148 496 1235 illis,
539 1148 602 1246 qui
640 1172 681 1221 ea
717 1148 1007 1246 interpretantur,
1046 1146 1129 1244 quia

112 1298 198 1364 suut
232 1300 266 1365 et
291 1291 358 1389 ipsi
382 1299 444 1364 aut
473 1290 615 1363 omniuo
644 1290 770 1376 rudes,
796 1298 857 1362 aut
885 1299 979 1363 certe
1003 1313 1128 1387 parum

113 1430 230 1518 docti3
271 1457 387 1506 nonne
424 1431 537 1530 liquet
569 1440 748 1504 auctorem
765 1430 975 1529 ‘oportuisse
1013 1429 1145 1517 divina,

14 1666 16 1693 s
119 1581 203 1646 ante
232 1573 353 1648 oculos
377 1599 506 1672 ponere
533 1572 638 1657 modo
658 1572 886 1647 conveniente
906 1571 1049 1645 illomm
1071 1571 1141 1645 ho*

14 1698 16 1729 ²
116 1714 257 1788 minum
290 1714 463 1788 sentiendi
494 1714 636 1800 rationi,
671 1723 706 1787 et
740 1712 943 1812 sapientiam
972 1738 1055 1787 cum
1079 1739 1130 1787 re·

115 1852 249 1952 ligione
285 1855 520 1953 conjungere?
569 1855 636 1964 Vel
673 1880 790 1928 nonne
820 1856 1045 1954 perspicuum
1078 1864 1131 1928 est

14 1976 16 2019 ἶ
118 1994 343 2069 lactantium
368 1995 525 2082 saeculo,
551 1996 610 2069 cui
631 1996 831 2093 eloquentia
856 1996 1045 2080 serviebat,
1071 1998 1130 2071 ob·

120 2136 243 2210 tulisse
268 2137 364 2235 quod
389 2136 579 2235 expolitum
606 2161 645 2210 ac
672 2136 842 2211 disertum
867 2138 934 2213 sit?
976 2139 1130 2221 Omnino

14 2320 16 2373 3
121 2280 157 2352 in
183 2280 260 2377 ejus
285 2279 448 2378 operibus
472 2279 630 2378 legendis
654 2280 737 2352 satis
757 2274 932 2354 cernimus
961 2307 1044 2355 eum
1072 2307 1131 2380 po

122 2420 243 2495 culum
270 2421 447 2495 doctrinae
472 2421 630 2494 coelestis
657 2420 761 2495 melle
782 2402 969 2520 sapientiae
986 2423 1131 2496 circum·-

122 2563 258 2652 livisse,
288 2576 330 2638 ut
353 2573 494 2664 possent
515 2565 560 2638 ab
585 2563 869 2663 imprudentibus
891 2591 1008 2639 amara
1023 2592 1132 2640 reme·

15 2721 17 2804 3
123 2707 180 2782 dia
215 2707 289 2781 sinc
321 2706 510 2782 offensione
544 2706 670 2804 potari3
705 2706 793 2780 dum
825 2694 976 2781 illiciens
1006 2708 1131 2806 prima·

15 2921 16 2934 ,
123 2848 274 2923 dulcedo
304 2848 527 2922 acerbitatem
558 2848 688 2945 saporis
718 2849 832 2946 aspari
859 2849 926 2923 sub
950 2860 1131 2948 praetextu

15 3009 17 3076 ξ
121 2991 302 3065 suavitatis
337 2990 489 3063 occultat
505 2990 538 3079 ¹).
589 2988 699 3061 Modo
738 2988 930 3087 legandum
960 2992 1132 3090 estquod

16 3213 17 3218 ,
122 3133 277 3207 diximus
310 3132 353 3206 de
382 3131 532 3206 auctoris
562 3132 770 3229 scriptorum
807 3133 1019 3224 charactere,
1057 3135 1131 3209 ido:

122 3299 190 3348 neo
226 3274 391 3374 temporis
427 3274 642 3360 necessitati,
677 3285 719 3346 ut
753 3273 848 3347 ultro
880 3285 1015 3380 pateat,
1049 3303 1133 3377 quo·

123 3416 229 3490 modo
262 3415 341 3502 ille,
376 3415 578 3489 necessitate
610 3424 766 3502 coactus,
801 3441 957 3491 caussam
972 3388 1134 3493 'veritatis

125 3569 245 3632 ornate
274 3559 482 3657 copioseque
511 3558 725 3645 defenderit,
755 3559 863 3656 idque
888 3560 1036 3634 feliciter
1059 3588 1134 3660 per-

127 3701 245 3774 fecerit
261 3701 295 3789 ').
336 3701 387 3773 Ac
409 3700 457 3773 sic
474 3700 650 3773 cernimus
674 3725 779 3798 opera
802 3703 973 3777 lactantii
997 3704 1135 3779 summat

166 4043 187 4110 'l
209 4046 357 4100 videantur
375 4046 424 4100 hac
443 4044 476 4098 de
494 4062 523 4099 ra
542 4042 603 4099 Div.
622 4044 688 4099 Inst.
708 4042 753 4101 lib.
773 4045 810 4100 V.
829 4063 887 4118 cap.
910 4048 939 4113 1,
959 4053 985 4103 2.

164 4148 187 4214 ⁹)
207 4152 271 4205 vid.
291 4150 369 4221 hujus
388 4150 455 4221 disq.
476 4167 502 4220 p.
522 4150 634 4205 39-42
652 4157 703 4206 eto.
