2792 5150
736 476 782 545 26

252 691 331 755 tum
346 683 507 780 propiora
522 708 605 756 eum
625 709 847 782 praecessura
871 688 950 759 sint.
985 687 1109 759 Postea
1135 686 1179 758 de
1204 684 1254 757 ul-

252 825 340 897 timo
364 824 497 921 judicio
522 850 634 898 sermo
660 835 711 898 est
737 835 772 899 et
792 827 836 899 de
853 828 1016 901 fidelibus
1033 830 1096 901 hac
1113 828 1148 900 in
1167 838 1255 900 terra

251 991 313 1064 per
338 965 433 1039 mille
460 992 567 1039 annos
599 968 837 1064 regnantibus,
889 970 989 1042 Tunc
1023 995 1103 1043 vero
1133 971 1255 1069 specia-

251 1109 315 1181 tim
340 1109 383 1181 de
409 1118 564 1208 tempore
588 1111 666 1182 finis
701 1111 824 1183 mundi
852 1113 940 1208 agit3
980 1139 1044 1187 nec
1071 1115 1188 1185 minus
1213 1115 1254 1185 de

249 1250 310 1336 iis,
336 1276 443 1348 quae,
470 1252 545 1349 ipso
571 1252 757 1339 sentiente,
785 1255 911 1326 exactis
928 1255 1025 1327 mille
1048 1255 1121 1327 illis
1138 1256 1253 1342 annio,

249 1391 368 1464 futura
397 1392 475 1465 sint.
527 1393 625 1484 Quae
654 1394 772 1466 omnia
801 1395 979 1468 concludit
1002 1396 1174 1468 hortando
1198 1397 1253 1468 ho-

249 1535 379 1621 mines,
405 1544 476 1607 tam
503 1535 682 1608 universos
706 1561 811 1633 quam
838 1538 1012 1635 singulos,
1047 1548 1089 1610 ut
1115 1538 1253 1635 abjectis

249 1675 394 1749 deorum
429 1676 600 1763 cultibuS,
635 1703 758 1750 verum
782 1678 900 1751 Deum
932 1688 1160 1765 venerentur,
1187 1705 1254 1776 qua

247 1819 382 1892 ratione
407 1820 521 1892 solum
546 1844 673 1917 poenas
698 1820 833 1892 futuras
860 1822 1013 1918 effugere
1037 1823 1179 1920 possint.

297 1987 325 2034 e.
377 1963 431 2034 De
455 1962 521 2034 Iro
548 1964 617 2034 Dei
623 2021 630 2047 ,
658 1963 720 2059 qui
738 1963 875 2036 Donato
892 1964 1105 2036 inscribitur.
1146 1965 1252 2036 Hunc

246 2104 409 2178 libellum
432 2105 533 2177 docto
559 2106 689 2203 pariter
714 2115 748 2178 et
774 2106 952 2203 eloquenti
977 2107 1082 2178 modo
1108 2107 1253 2179 conscri-

245 2249 314 2344 psit
339 2257 477 2334 anctor,
502 2249 553 2320 ita
578 2258 619 2320 ut
645 2248 884 2344 Hieronymus
909 2249 1008 2346 quasi
1043 2249 1253 2345 „Epitomen

246 2390 477 2488 Dialogorum
517 2391 715 2463 Ciceronis'’
759 2417 841 2463 eum
883 2392 1028 2464 haberet
1044 2393 1077 2479 ¹).
1133 2392 1176 2464 In
1214 2417 1253 2464 eo

246 2534 446 2608 Lactantius
481 2534 675 2607 doctrinam
709 2533 903 2608 Stoicorum
938 2544 972 2607 et
1000 2535 1254 2634 Epicureorum

247 2678 380 2750 ratione
412 2678 529 2749 habita
561 2678 638 2749 lrae
662 2676 730 2749 Dei
754 2677 893 2750 refellit.
945 2678 1036 2750 Nam
1062 2677 1132 2764 illi,
1160 2679 1254 2775 quod

246 2843 449 2904 commune,
476 2825 623 2890 testante
649 2817 835 2904 Cicerone,
862 2819 1020 2891 omnium
1038 2817 1255 2915 philosopho·

245 2984 326 3031 rum
364 2967 454 3045 erat,
493 2958 749 3032 contendebant
786 2984 969 3056 nunquam
1007 2984 1121 3056 neque
1155 2960 1256 3033 irasci

246 3100 362 3172 Deum
379 3125 443 3173 nec
461 3125 594 3173 nocere.
629 3099 795 3197 Sequitur
812 3101 913 3182 inde,
933 3101 1025 3173 Eum
1042 3101 1078 3173 in
1096 3101 1256 3174 homines

247 3250 384 3314 tantum
409 3243 577 3316 beneficia
602 3243 775 3329 conferre,
801 3268 913 3341 poena
939 3269 997 3315 eos
1026 3244 1159 3315 afficere
1186 3269 1255 3316 non

247 3409 356 3482 posse.
385 3383 437 3456 Hi
461 3394 580 3456 eontra
602 3384 773 3457 docebant
794 3384 957 3457 Divinam
979 3394 1141 3456 naturam
1167 3394 1256 3458 tran·

247 3525 392 3622 quillam
426 3526 540 3599 solum
565 3551 638 3598 esse
662 3535 697 3598 et
722 3526 766 3597 ab
791 3526 955 3598 omnibus
985 3526 1092 3598 animi
1121 3537 1256 3624 pertur-

288 3799 310 3864 ¹)
330 3803 493 3870 „Firmianus
507 3808 595 3854 noster
610 3800 707 3855 librum
723 3800 756 3854 de
771 3800 813 3853 Ira
830 3801 880 3854 Dei
893 3802 972 3855 docto
981 3802 1077 3871 pariter
1087 3810 1114 3857 et
1123 3803 1257 3875 eloquenti

248 3924 366 3961 sermone
393 3906 554 3977 conscripsit,
586 3923 663 3976 quern
691 3904 737 3975 qui
763 3904 864 3975 legerit,
892 3916 958 3975 puto
987 3907 1010 3961 ei
1029 3908 1062 3959 ad
1082 3907 1135 3960 irae
1156 3909 1254 3963 intelle·

248 4019 319 4067 etum
336 4013 397 4067 setis
418 4013 574 4083 abundeque
593 4028 668 4082 posse
687 4009 829 4065 sufficere.'’
858 4011 967 4065 Hieron.
988 4013 1090 4068 Comm.
1111 4013 1139 4066 in
1160 4014 1253 4084 Ephes.

248 4136 305 4190 erp.
325 4118 374 4172 IV.
393 4136 418 4173 v.
439 4121 484 4172 26.
