2792 5150
626 512 809 583 67·

9 778 11 837 3
125 719 334 815 agendum,
353 744 442 818 quae
463 745 519 793 res
540 719 613 792 sola
629 727 728 817 grata
748 730 800 793 est
821 728 857 792 et
877 719 1040 815 religioni
1053 719 1151 793 addit

9 896 11 931 ;
125 862 392 935 auctoritatem.
444 861 559 952 Quam
598 862 806 934 sententiam
845 870 966 934 auctor
1002 862 1149 959 pulchre

8 1074 9 1089 ,
124 1003 300 1101 exprimit
324 1004 419 1077 hisce
443 1004 576 1077 verbis:
615 1002 861 1090 „defendenda
898 1004 994 1076 enim
1023 1003 1149 1101 religio

125 1167 205 1217 non
237 1145 445 1232 occidendo,
480 1147 542 1221 sed
576 1146 770 1233 monendo,
806 1171 876 1219 non
902 1146 1060 1233 saevitia,
1088 1147 1149 1220 sed

126 1284 206 1358 fide
217 1321 227 1372 ;
253 1286 316 1359 illa
341 1288 434 1360 enim
461 1288 635 1362 malornm
660 1298 761 1376 sunt,
792 1290 876 1363 haec
902 1289 1099 1362 bonorum''
1114 1290 1147 1377 ¹).

180 1428 279 1503 Fons
316 1431 477 1518 taudem,
524 1457 565 1505 ex
604 1457 674 1531 quo
717 1433 894 1529 religionis
935 1433 1149 1507 Christianae

125 1569 234 1667 origo
251 1573 438 1659 emanavit,
458 1572 561 1646 Sacra
584 1572 762 1672 Scriptura
784 1585 845 1648 est.
885 1575 1005 1648 Divisa
1022 1585 1074 1648 est
1090 1600 1148 1648 au·

126 1718 209 1784 tem
234 1712 359 1786 haecce
385 1712 563 1812 Scriptura
588 1715 624 1788 in
651 1715 723 1788 duo
749 1724 974 1802 testamenta,
996 1740 1149 1813 quorum

125 1852 227 1928 illud
256 1856 353 1954 quod
381 1857 573 1931 adventum
602 1857 732 1931 Christi
758 1857 960 1943 antecessit,
986 1857 1009 1929 i.
1036 1881 1065 1930 e.
1091 1856 1147 1929 lex

128 2003 167 2068 et
196 1998 402 2095 prophetae,
436 2000 543 2071 Vetca
569 1999 707 2071 dicitur.
759 1999 809 2071 Ea
833 2023 930 2085 vero,
956 2023 1045 2095 quae
1071 2009 1149 2096 post

128 2139 210 2236 ejus
245 2140 535 2213 resurrectionem
572 2142 699 2238 scripta
732 2151 834 2226 suut,
869 2142 1002 2214 Novum
1030 2143 1148 2214 Terta·

128 2290 282 2355 mentum
307 2282 518 2355 nominatur.
570 2282 688 2373 Quae,
715 2307 826 2381 quum
851 2283 900 2355 ita
916 2283 1012 2369 siut,
1031 2293 1146 2355 tamen

129 2421 271 2496 diversa
300 2446 370 2495 non
395 2432 496 2509 sunt,
523 2424 606 2522 quia
633 2425 774 2497 Novum
791 2424 992 2522 adimpletio
1010 2423 1146 2498 Veteris

130 2577 188 2641 est
209 2576 244 2639 et
266 2565 304 2640 in
329 2574 479 2665 utroque
501 2565 597 2641 idem
622 2577 767 2642 testator
793 2577 844 2641 est
869 2566 1040 2641 Christus.
1080 2566 1145 2641 Ve-

116 2716 193 2782 tus
218 2708 313 2781 enim
337 2708 448 2795 illud,
475 2710 570 2807 quod
595 2735 658 2808 per
683 2710 807 2783 Mosen
833 2709 956 2783 datum
981 2720 1051 2797 est,
1074 2735 1144 2783 nou

130 2848 204 2923 init
228 2849 441 2948 perfectum,
468 2852 634 2949 quoniam
651 2876 692 2925 eo
710 2851 855 2925 demum
871 2852 967 2949 quod
985 2851 1145 2925 Christus

132 2990 250 3077 dedit,
277 3003 558 3066 consummatum
583 2993 697 3084 tuith.
737 2993 848 3090 Cujus
864 2992 1062 3090 Scripturae
1082 3017 1142 3065 an·

133 3132 341 3231 tiquitatem'
360 3158 379 3206 e
403 3135 654 3232 prophetarum
679 3134 851 3208 aetatibus
880 3132 1040 3220 deduxit,
1061 3135 1144 3233 quie

131 3275 346 3373 antiquiores
369 3276 475 3350 etiarn
500 3277 641 3351 Graecis
662 3276 891 3375 scriptoribus
908 3276 1140 3374 reperiuntur.

131 3418 251 3513 Atque
274 3417 340 3490 hoc
366 3441 407 3490 eo
432 3419 580 3492 consilio
605 3418 703 3505 facit,
725 3428 767 3491 ut
787 3418 938 3491 refutare
954 3428 1071 3516 posset
1091 3443 1141 3491 er·

130 3580 227 3629 rores
264 3581 406 3644 eorum,
443 3559 505 3657 qui
541 3558 680 3632 Sacram
720 3558 934 3657 Scripturam
972 3551 1141 3658 tauquam

130 3721 257 3770 novam
289 3707 324 3771 et
348 3724 467 3774 reeens
493 3702 611 3775 fictam
636 3726 824 3798 coarguere
849 3712 1020 3775 conantur
1046 3710 1068 3791 ).

132 3859 321 3873 ῃ

171 3940 193 4004 ¹)
214 3943 275 3998 Div.
294 3944 359 4000 Inst.
378 3945 423 4000 lib.
444 3948 479 4001 V.
500 3964 557 4017 cap.
577 3946 692 4010 20;11·b.
712 3947 762 4001 Ill.

168 4042 192 4109 ⁹)
213 4047 274 4102 Div.
295 4049 360 4105 lunt.
379 4049 424 4104 lib.
444 4050 493 4105 IV.
513 4068 572 4121 cap.
592 4053 628 4105 20
647 4050 707 4105 init.

167 4148 192 4223 ⁸)
211 4152 273 4207 Div.
294 4153 356 4208 lust
375 4154 421 4209 lib.
441 4154 490 4209 lV.
509 4172 567 4225 cap.
589 4158 604 4209 5
624 4155 653 4209 in
671 4156 733 4210 flue.
