2792 5150
757 499 803 570 88

277 709 488 807 Hieronymi
513 708 673 783 notitiam
695 733 766 782 non
792 708 937 795 fefellit,
959 709 1093 815 quippe
1113 710 1177 807 qui
1202 736 1291 784 eam

276 850 368 925 inter
390 852 556 925 luduicus
580 851 717 925 fabulas
737 851 1015 925 annumeraverit
1029 853 1064 942 ²).
1115 853 1291 927 Attamen

275 994 371 1068 haud
398 994 498 1068 aliter
531 1019 638 1092 quam
663 994 805 1093 Papias,
836 994 1027 1093 Episcopus
1052 993 1292 1093 Hierapoleos

275 1137 313 1210 in
338 1137 504 1234 Phrygia,
526 1137 588 1234 qui
608 1136 743 1236 primus
760 1161 836 1210 eam
853 1137 1000 1210 coluisse
1017 1136 1166 1225 videtur,
1184 1140 1291 1213 haud

278 1279 378 1353 aliter
402 1304 509 1377 quam
525 1280 690 1352 Irenaeus
707 1280 824 1352 sensit.
860 1278 952 1351 Cum
969 1278 1013 1350 iis
1029 1303 1173 1378 nempe,
1191 1305 1289 1377 quae

278 1446 416 1495 summa
439 1446 558 1494 rerum
586 1429 654 1508 est,
681 1421 889 1495 existimavit
908 1421 1101 1508 Christum,
1118 1432 1291 1519 vergente

279 1563 325 1636 ad
349 1566 456 1639 finem
482 1564 633 1652 munde,
660 1589 742 1638 cum
764 1565 867 1663 justis
882 1565 918 1637 in
937 1573 1028 1637 terra
1042 1573 1287 1662 regnaturum.

279 1706 396 1804 Atque
416 1706 470 1780 his
490 1706 533 1780 de
554 1706 659 1780 rebus
685 1706 881 1805 specialiter
901 1706 995 1780 haud
1013 1731 1125 1805 pauca
1144 1706 1291 1781 locutus

280 1857 346 1935 est,
377 1847 520 1922 studens
550 1873 690 1946 quoque
725 1873 781 1921 eas
815 1848 1040 1947 comprobare
1070 1856 1142 1921 tam
1169 1875 1189 1922 e
1214 1876 1292 1923 ver·

280 1989 377 2063 sibus
402 1989 560 2087 Virgilii,
586 2014 693 2088 quem
717 2014 758 2062 ex
783 1989 881 2062 libris
906 1988 1095 2086 Sibyllinis.
1190 1978 1192 1981 ’

328 2130 381 2203 En
407 2129 517 2226 igitur
539 2131 744 2229 praecipuas
770 2130 1008 2227 quaestiones,
1034 2131 1290 2228 praetermissis

281 2272 460 2347 nonnullis
493 2272 602 2346 effatis
639 2272 785 2346 minoris
830 2272 1017 2361 momenti,
1050 2299 1140 2372 quse
1167 2299 1290 2349 ansam

282 2415 565 2514 reprehendendo
585 2415 825 2488 ,lactantium
859 2414 1062 2513 theologum
1101 2416 1286 2491 dederunt.

282 2559 380 2651 Quae
417 2584 530 2658 quum
562 2559 610 2632 ita
643 2559 733 2646 sint,
759 2583 830 2631 non
854 2558 1014 2633 videmus
1038 2558 1188 2633 rationes
1212 2561 1290 2634 suf·

282 2703 451 2789 ficientes,
490 2701 620 2799 quibus
657 2701 766 2775 coacti
806 2710 1053 2789 statueremus,
1083 2728 1165 2776 eum
1196 2704 1291 2778 inter
1393 2681 1394 2684 Ἴ

284 2844 479 2918 defensores
504 2843 668 2917 ecclesiae
692 2844 887 2942 primaevae
913 2843 1009 2916 haud
1030 2844 1096 2917 rite
1122 2869 1291 2919 annume-

283 2986 434 3059 randum
460 3011 543 3059 esse.
596 2984 778 3083 Siquidem
802 2986 865 3060 ille
890 3011 960 3058 non
987 2986 1082 3060 solus
1107 2996 1199 3075 erat,
1226 2988 1287 3086 qui

285 3127 434 3200 subinde
452 3127 553 3199 effata
569 3126 735 3224 ambigua
752 3126 807 3199 vel
820 3128 970 3201 alienam
984 3129 1175 3202 doctrinam
1188 3130 1287 3203 redo-

284 3269 392 3344 lentia
413 3269 569 3369 prodidit
578 3304 586 3357 ;
614 3269 787 3367 siquidem
803 3279 982 3369 praeterea
996 3282 1076 3344 ante
1095 3271 1290 3345 Nicaenum

285 3412 483 3485 Concilium
515 3412 675 3485 habitum
709 3411 840 3485 multae
870 3413 914 3486 de
940 3413 1096 3486 doctrina
1122 3413 1290 3487 catholica

286 3554 475 3627 sententiae
496 3552 695 3627 vacillantes
713 3553 814 3626 nobis
832 3567 1029 3629 occurrunt.
1042 3520 1194 3647 „Quibus
1211 3581 1289 3628 con·

286 3696 459 3783 sideratis,
479 3696 509 3769 si
526 3696 685 3769 universe
706 3706 900 3794 spectamus
921 3697 965 3770 ad
984 3698 1162 3795 religionis
1178 3699 1290 3797 capita
1393 3777 1394 3800 ἦ

287 3840 330 3912 ab
349 3817 489 3912 auctore
510 3848 671 3926 tractata,
691 3839 866 3912 cernimus
888 3864 928 3912 ea
956 3840 1074 3913 omnia
1089 3840 1133 3913 ab
1150 3865 1191 3913 eo
1208 3852 1289 3915 stre·

294 4031 482 4042 *anun-n—

326 4152 350 4221 ¹)
370 4156 439 4211 Vide
458 4172 541 4211 niun.
560 4156 588 4211 in
606 4156 688 4212 Ezek.
708 4173 765 4227 cap.
784 4157 861 4211 361.
880 4156 928 4211 111.
